ts_recv,ts_event,rtype,publisher_id,instrument_id,action,side,depth,price,size,flags,ts_in_delta,sequence,symbol
2025-05-04T22:00:00.051457985Z,2025-05-04T22:00:00.000000000Z,0,1,42005804,T,N,0,20181.500000000,16,0,15063,14497,NQM5
2025-05-04T22:00:00.063080101Z,2025-05-04T22:00:00.058002213Z,0,1,42005804,T,B,0,20186.250000000,4,0,13727,14815,NQM5
2025-05-04T22:00:00.063089285Z,2025-05-04T22:00:00.058002213Z,0,1,42005804,T,B,0,20186.250000000,1,0,11680,14816,NQM5
2025-05-04T22:00:00.070691340Z,2025-05-04T22:00:00.063590695Z,0,1,42005804,T,B,0,20186.250000000,4,0,14363,14898,NQM5
2025-05-04T22:00:00.078263713Z,2025-05-04T22:00:00.071181303Z,0,1,42005804,T,B,0,20186.250000000,5,0,12933,14953,NQM5
2025-05-04T22:00:00.083033348Z,2025-05-04T22:00:00.076677859Z,0,1,42005804,T,A,0,20181.250000000,10,0,14227,14981,NQM5
2025-05-04T22:00:00.083609072Z,2025-05-04T22:00:00.077024405Z,0,1,42005804,T,B,0,20186.250000000,1,0,14181,14985,NQM5
2025-05-04T22:00:00.084808356Z,2025-05-04T22:00:00.077300391Z,0,1,42005804,T,A,0,20181.250000000,2,0,14634,14988,NQM5
2025-05-04T22:00:00.084808356Z,2025-05-04T22:00:00.077300391Z,0,1,42005804,T,A,0,20180.000000000,3,0,14634,14988,NQM5
2025-05-04T22:00:00.085482594Z,2025-05-04T22:00:00.077511235Z,0,1,42005804,T,A,0,20180.000000000,1,0,14409,14990,NQM5
2025-05-04T22:00:00.088168287Z,2025-05-04T22:00:00.077806883Z,0,1,42005804,T,B,0,20189.000000000,1,0,13025,14994,NQM5
2025-05-04T22:00:00.088168287Z,2025-05-04T22:00:00.077806883Z,0,1,42005804,T,B,0,20192.500000000,1,0,13025,14994,NQM5
2025-05-04T22:00:00.097420770Z,2025-05-04T22:00:00.083057367Z,0,1,42005804,T,A,0,20186.000000000,1,0,14030,15070,NQM5
2025-05-04T22:00:00.140244804Z,2025-05-04T22:00:00.113032161Z,0,1,42005804,T,B,0,20200.000000000,1,0,13535,15452,NQM5
2025-05-04T22:00:00.140256047Z,2025-05-04T22:00:00.113032161Z,0,1,42005804,T,B,0,20201.500000000,1,0,11691,15453,NQM5
2025-05-04T22:00:00.140256047Z,2025-05-04T22:00:00.113032161Z,0,1,42005804,T,B,0,20201.500000000,1,0,11691,15453,NQM5
2025-05-04T22:00:00.140273518Z,2025-05-04T22:00:00.113032161Z,0,1,42005804,T,B,0,20201.500000000,1,0,11804,15454,NQM5
2025-05-04T22:00:00.140301288Z,2025-05-04T22:00:00.113032161Z,0,1,42005804,T,B,0,20201.500000000,1,0,11807,15455,NQM5
2025-05-04T22:00:00.144097565Z,2025-05-04T22:00:00.123682627Z,0,1,42005804,T,A,0,20184.750000000,1,0,13652,15523,NQM5
2025-05-04T22:00:00.157777981Z,2025-05-04T22:00:00.148751585Z,0,1,42005804,T,B,0,20186.250000000,1,0,14243,15731,NQM5
2025-05-04T22:00:00.160352588Z,2025-05-04T22:00:00.153016019Z,0,1,42005804,T,A,0,20185.000000000,1,0,14772,15794,NQM5
2025-05-04T22:00:00.187729969Z,2025-05-04T22:00:00.184991517Z,0,1,42005804,T,A,0,20186.250000000,1,0,14447,16072,NQM5
2025-05-04T22:00:00.225444838Z,2025-05-04T22:00:00.224894949Z,0,1,42005804,T,B,0,20193.000000000,1,0,13879,16431,NQM5
2025-05-04T22:00:00.277163449Z,2025-05-04T22:00:00.276241851Z,0,1,42005804,T,A,0,20187.750000000,1,0,14458,16569,NQM5
2025-05-04T22:00:00.277839199Z,2025-05-04T22:00:00.277180477Z,0,1,42005804,T,A,0,20187.750000000,1,0,14340,16571,NQM5
2025-05-04T22:00:00.278917714Z,2025-05-04T22:00:00.277855941Z,0,1,42005804,T,A,0,20188.000000000,1,0,14792,16573,NQM5
2025-05-04T22:00:00.278917714Z,2025-05-04T22:00:00.277855941Z,0,1,42005804,T,A,0,20187.250000000,1,0,14792,16573,NQM5
2025-05-04T22:00:00.515029259Z,2025-05-04T22:00:00.514399337Z,0,1,42005804,T,B,0,20192.250000000,1,0,14417,17313,NQM5
2025-05-04T22:00:00.569559952Z,2025-05-04T22:00:00.568872261Z,0,1,42005804,T,B,0,20192.750000000,1,0,13705,17464,NQM5
2025-05-04T22:00:00.598479387Z,2025-05-04T22:00:00.597824509Z,0,1,42005804,T,B,0,20188.250000000,1,0,14036,17749,NQM5
2025-05-04T22:00:01.032760161Z,2025-05-04T22:00:01.032248367Z,0,1,42005804,T,B,0,20194.000000000,1,0,13695,18783,NQM5
2025-05-04T22:00:01.034026134Z,2025-05-04T22:00:01.033215467Z,0,1,42005804,T,B,0,20198.000000000,4,0,13578,18833,NQM5
2025-05-04T22:00:01.083567091Z,2025-05-04T22:00:01.083006087Z,0,1,42005804,T,B,0,20201.250000000,1,0,13704,18982,NQM5
2025-05-04T22:00:01.123671061Z,2025-05-04T22:00:01.123091797Z,0,1,42005804,T,B,0,20201.750000000,2,0,13982,19101,NQM5
2025-05-04T22:00:01.241637177Z,2025-05-04T22:00:01.240989777Z,0,1,42005804,T,A,0,20187.500000000,3,0,72735,19357,NQM5
2025-05-04T22:00:01.436512546Z,2025-05-04T22:00:01.434591751Z,0,1,42005804,T,B,0,20200.250000000,1,0,14117,19908,NQM5
2025-05-04T22:00:01.436512546Z,2025-05-04T22:00:01.434591751Z,0,1,42005804,T,B,0,20200.500000000,4,0,14117,19908,NQM5
2025-05-04T22:00:01.438153399Z,2025-05-04T22:00:01.436120155Z,0,1,42005804,T,B,0,20200.250000000,1,0,14171,19964,NQM5
2025-05-04T22:00:01.440591149Z,2025-05-04T22:00:01.439497187Z,0,1,42005804,T,A,0,20188.500000000,1,0,13990,20017,NQM5
2025-05-04T22:00:01.450596602Z,2025-05-04T22:00:01.449901597Z,0,1,42005804,T,B,0,20194.500000000,2,0,14440,20151,NQM5
2025-05-04T22:00:01.476337908Z,2025-05-04T22:00:01.475676141Z,0,1,42005804,T,A,0,20188.750000000,1,0,13568,20193,NQM5
2025-05-04T22:00:01.589120715Z,2025-05-04T22:00:01.588373173Z,0,1,42005804,T,B,0,20199.000000000,2,0,14326,20356,NQM5
2025-05-04T22:00:01.589120715Z,2025-05-04T22:00:01.588373173Z,0,1,42005804,T,B,0,20199.250000000,1,0,14326,20356,NQM5
2025-05-04T22:00:01.612429508Z,2025-05-04T22:00:01.611834721Z,0,1,42005804,T,B,0,20197.000000000,1,0,13987,20418,NQM5
2025-05-04T22:00:01.703298786Z,2025-05-04T22:00:01.702674829Z,0,1,42005804,T,B,0,20197.250000000,1,0,14440,20487,NQM5
2025-05-04T22:00:01.740423478Z,2025-05-04T22:00:01.739278335Z,0,1,42005804,T,A,0,20189.500000000,4,0,14798,20527,NQM5
2025-05-04T22:00:01.740423478Z,2025-05-04T22:00:01.739278335Z,0,1,42005804,T,A,0,20189.250000000,5,0,14798,20527,NQM5
2025-05-04T22:00:01.740423478Z,2025-05-04T22:00:01.739278335Z,0,1,42005804,T,A,0,20187.500000000,1,0,14798,20527,NQM5
2025-05-04T22:00:01.882407886Z,2025-05-04T22:00:01.881767733Z,0,1,42005804,T,A,0,20187.500000000,3,0,14455,20678,NQM5
2025-05-04T22:00:02.577581892Z,2025-05-04T22:00:02.577049161Z,0,1,42005804,T,A,0,20188.750000000,3,0,13829,21512,NQM5
2025-05-04T22:00:02.744674518Z,2025-05-04T22:00:02.744134181Z,0,1,42005804,T,B,0,20193.500000000,2,0,14281,21833,NQM5
2025-05-04T22:00:02.854877409Z,2025-05-04T22:00:02.853400117Z,0,1,42005804,T,B,0,20198.500000000,3,0,14960,22001,NQM5
2025-05-04T22:00:03.352690877Z,2025-05-04T22:00:03.352276651Z,0,1,42005804,T,B,0,20190.000000000,1,0,13790,22747,NQM5
2025-05-04T22:00:03.355442875Z,2025-05-04T22:00:03.354926171Z,0,1,42005804,T,A,0,20187.500000000,1,0,13856,22818,NQM5
2025-05-04T22:00:03.356068470Z,2025-05-04T22:00:03.355472173Z,0,1,42005804,T,A,0,20187.750000000,1,0,13058,22844,NQM5
2025-05-04T22:00:03.460239496Z,2025-05-04T22:00:03.459746759Z,0,1,42005804,T,A,0,20183.250000000,2,0,13837,23058,NQM5
2025-05-04T22:00:03.460521629Z,2025-05-04T22:00:03.459959101Z,0,1,42005804,T,A,0,20183.000000000,1,0,13656,23060,NQM5
2025-05-04T22:00:03.461095380Z,2025-05-04T22:00:03.460633183Z,0,1,42005804,T,A,0,20183.000000000,1,0,13140,23064,NQM5
2025-05-04T22:00:03.613506144Z,2025-05-04T22:00:03.613047649Z,0,1,42005804,T,B,0,20189.750000000,1,0,14548,23234,NQM5
2025-05-04T22:00:03.897565364Z,2025-05-04T22:00:03.897054083Z,0,1,42005804,T,A,0,20183.250000000,1,0,14462,23580,NQM5
2025-05-04T22:00:03.898521943Z,2025-05-04T22:00:03.897722885Z,0,1,42005804,T,A,0,20183.000000000,1,0,13245,23588,NQM5
2025-05-04T22:00:04.072697018Z,2025-05-04T22:00:04.072146579Z,0,1,42005804,T,B,0,20189.250000000,3,0,14478,23794,NQM5
2025-05-04T22:00:04.148430278Z,2025-05-04T22:00:04.147849115Z,0,1,42005804,T,A,0,20186.250000000,1,0,14207,24028,NQM5
2025-05-04T22:00:04.149523200Z,2025-05-04T22:00:04.148973357Z,0,1,42005804,T,A,0,20185.250000000,1,0,14503,24068,NQM5
2025-05-04T22:00:04.316051663Z,2025-05-04T22:00:04.315540135Z,0,1,42005804,T,B,0,20188.750000000,2,0,13720,24303,NQM5
2025-05-04T22:00:04.369541482Z,2025-05-04T22:00:04.368988689Z,0,1,42005804,T,A,0,20185.500000000,1,0,14305,24412,NQM5
2025-05-04T22:00:04.389213016Z,2025-05-04T22:00:04.388708597Z,0,1,42005804,T,A,0,20182.500000000,5,0,14041,24641,NQM5
2025-05-04T22:00:04.391157137Z,2025-05-04T22:00:04.390613553Z,0,1,42005804,T,A,0,20182.500000000,1,0,13664,24724,NQM5
2025-05-04T22:00:04.392115135Z,2025-05-04T22:00:04.391212375Z,0,1,42005804,T,B,0,20183.750000000,1,0,13886,24773,NQM5
2025-05-04T22:00:04.392115135Z,2025-05-04T22:00:04.391212375Z,0,1,42005804,T,B,0,20184.000000000,3,0,13886,24773,NQM5
2025-05-04T22:00:04.650646143Z,2025-05-04T22:00:04.649880583Z,0,1,42005804,T,B,0,20183.750000000,1,0,77284,25490,NQM5
2025-05-04T22:00:04.753375406Z,2025-05-04T22:00:04.752925541Z,0,1,42005804,T,A,0,20177.250000000,1,0,14244,25609,NQM5
2025-05-04T22:00:04.859990208Z,2025-05-04T22:00:04.859587749Z,0,1,42005804,T,A,0,20177.250000000,1,0,14414,25651,NQM5
2025-05-04T22:00:05.241268506Z,2025-05-04T22:00:05.240653735Z,0,1,42005804,T,B,0,20183.250000000,3,0,14317,25801,NQM5
2025-05-04T22:00:05.241268506Z,2025-05-04T22:00:05.240653735Z,0,1,42005804,T,B,0,20183.500000000,1,0,14317,25801,NQM5
2025-05-04T22:00:05.425952995Z,2025-05-04T22:00:05.425535601Z,0,1,42005804,T,A,0,20177.250000000,1,0,14089,26368,NQM5
2025-05-04T22:00:05.426329403Z,2025-05-04T22:00:05.425962243Z,0,1,42005804,T,A,0,20177.250000000,1,0,14322,26372,NQM5
2025-05-04T22:00:05.532101681Z,2025-05-04T22:00:05.531635331Z,0,1,42005804,T,B,0,20178.500000000,3,0,13928,26490,NQM5
2025-05-04T22:00:05.532229123Z,2025-05-04T22:00:05.531639439Z,0,1,42005804,T,A,0,20178.000000000,1,0,14002,26492,NQM5
2025-05-04T22:00:05.565142456Z,2025-05-04T22:00:05.564673349Z,0,1,42005804,T,B,0,20178.750000000,1,0,14006,26558,NQM5
2025-05-04T22:00:06.189167175Z,2025-05-04T22:00:06.188832377Z,0,1,42005804,T,B,0,20181.750000000,1,0,14228,27532,NQM5
2025-05-04T22:00:06.189515507Z,2025-05-04T22:00:06.189170473Z,0,1,42005804,T,B,0,20181.750000000,1,0,13698,27534,NQM5
2025-05-04T22:00:06.461042992Z,2025-05-04T22:00:06.460666311Z,0,1,42005804,T,B,0,20180.750000000,1,0,13527,27649,NQM5
2025-05-04T22:00:06.461253305Z,2025-05-04T22:00:06.460669091Z,0,1,42005804,T,B,0,20180.750000000,1,0,13727,27651,NQM5
2025-05-04T22:00:06.463030064Z,2025-05-04T22:00:06.462554157Z,0,1,42005804,T,B,0,20183.500000000,1,0,13687,27663,NQM5
2025-05-04T22:00:06.496609979Z,2025-05-04T22:00:06.496202841Z,0,1,42005804,T,A,0,20180.000000000,1,0,13495,27718,NQM5
2025-05-04T22:00:06.961131631Z,2025-05-04T22:00:06.960698371Z,0,1,42005804,T,B,0,20183.500000000,1,0,77722,27938,NQM5
2025-05-04T22:00:07.313169671Z,2025-05-04T22:00:07.312810659Z,0,1,42005804,T,B,0,20183.500000000,2,0,13837,28133,NQM5
2025-05-04T22:00:07.397036809Z,2025-05-04T22:00:07.395438223Z,0,1,42005804,T,B,0,20183.750000000,8,0,14209,28165,NQM5
2025-05-04T22:00:07.399267339Z,2025-05-04T22:00:07.398863635Z,0,1,42005804,T,B,0,20185.000000000,1,0,14405,28265,NQM5
2025-05-04T22:00:07.810366266Z,2025-05-04T22:00:07.810036155Z,0,1,42005804,T,B,0,20186.250000000,1,0,13828,28687,NQM5
2025-05-04T22:00:07.810797713Z,2025-05-04T22:00:07.810231927Z,0,1,42005804,T,A,0,20186.250000000,1,0,13084,28691,NQM5
2025-05-04T22:00:07.812328518Z,2025-05-04T22:00:07.811769621Z,0,1,42005804,T,A,0,20185.250000000,1,0,14459,28732,NQM5
2025-05-04T22:00:07.812778004Z,2025-05-04T22:00:07.812211013Z,0,1,42005804,T,B,0,20185.750000000,1,0,13095,28740,NQM5
2025-05-04T22:00:07.817226724Z,2025-05-04T22:00:07.816787931Z,0,1,42005804,T,A,0,20184.500000000,1,0,13305,28805,NQM5
2025-05-04T22:00:07.886309190Z,2025-05-04T22:00:07.885910117Z,0,1,42005804,T,B,0,20185.500000000,1,0,13644,28911,NQM5
2025-05-04T22:00:08.031693123Z,2025-05-04T22:00:08.031371979Z,0,1,42005804,T,A,0,20183.750000000,1,0,14100,28996,NQM5
2025-05-04T22:00:08.079937116Z,2025-05-04T22:00:08.079203789Z,0,1,42005804,T,B,0,20184.500000000,2,0,13606,29060,NQM5
2025-05-04T22:00:08.080086246Z,2025-05-04T22:00:08.079463821Z,0,1,42005804,T,A,0,20183.750000000,1,0,13358,29062,NQM5
2025-05-04T22:00:08.490244930Z,2025-05-04T22:00:08.489882081Z,0,1,42005804,T,A,0,20184.000000000,1,0,13803,29311,NQM5
2025-05-04T22:00:08.556069090Z,2025-05-04T22:00:08.555648509Z,0,1,42005804,T,B,0,20185.000000000,1,0,14385,29347,NQM5
2025-05-04T22:00:08.667319106Z,2025-05-04T22:00:08.666957709Z,0,1,42005804,T,B,0,20185.000000000,1,0,16356,29362,NQM5
2025-05-04T22:00:08.921517351Z,2025-05-04T22:00:08.921058885Z,0,1,42005804,T,B,0,20185.250000000,2,0,13728,29546,NQM5
2025-05-04T22:00:09.266472413Z,2025-05-04T22:00:09.265863619Z,0,1,42005804,T,B,0,20185.500000000,2,0,14548,29710,NQM5
2025-05-04T22:00:09.267296602Z,2025-05-04T22:00:09.266772565Z,0,1,42005804,T,B,0,20186.250000000,1,0,13591,29735,NQM5
2025-05-04T22:00:09.329124918Z,2025-05-04T22:00:09.328710877Z,0,1,42005804,T,A,0,20186.000000000,1,0,14358,29893,NQM5
2025-05-04T22:00:09.329522445Z,2025-05-04T22:00:09.329190165Z,0,1,42005804,T,A,0,20186.500000000,3,0,12804,29900,NQM5
2025-05-04T22:00:09.571335434Z,2025-05-04T22:00:09.571036859Z,0,1,42005804,T,A,0,20183.500000000,1,0,14075,29987,NQM5
2025-05-04T22:00:09.596873920Z,2025-05-04T22:00:09.596528619Z,0,1,42005804,T,A,0,20184.000000000,1,0,13960,30120,NQM5
2025-05-04T22:00:09.791071730Z,2025-05-04T22:00:09.790641111Z,0,1,42005804,T,B,0,20184.750000000,1,0,73527,30292,NQM5
2025-05-04T22:00:09.916855026Z,2025-05-04T22:00:09.916553153Z,0,1,42005804,T,A,0,20182.500000000,1,0,13596,30323,NQM5
2025-05-04T22:00:09.998982205Z,2025-05-04T22:00:09.997856009Z,0,1,42005804,T,A,0,20182.500000000,1,0,14337,30380,NQM5
2025-05-04T22:00:10.069359003Z,2025-05-04T22:00:10.069060479Z,0,1,42005804,T,A,0,20177.000000000,1,0,13656,30798,NQM5
2025-05-04T22:00:10.069761069Z,2025-05-04T22:00:10.069368203Z,0,1,42005804,T,A,0,20176.750000000,1,0,12770,30807,NQM5
2025-05-04T22:00:10.163546769Z,2025-05-04T22:00:10.163201243Z,0,1,42005804,T,A,0,20175.750000000,1,0,14140,30950,NQM5
2025-05-04T22:00:10.514102461Z,2025-05-04T22:00:10.513136079Z,0,1,42005804,T,B,0,20177.500000000,1,0,14050,32458,NQM5
2025-05-04T22:00:10.557092165Z,2025-05-04T22:00:10.556754929Z,0,1,42005804,T,A,0,20176.000000000,1,0,13813,32546,NQM5
2025-05-04T22:00:10.663877738Z,2025-05-04T22:00:10.663482641Z,0,1,42005804,T,B,0,20177.750000000,2,0,12870,32908,NQM5
2025-05-04T22:00:10.667770095Z,2025-05-04T22:00:10.666656161Z,0,1,42005804,T,A,0,20179.250000000,1,0,13662,33077,NQM5
2025-05-04T22:00:10.686432800Z,2025-05-04T22:00:10.686058955Z,0,1,42005804,T,A,0,20178.250000000,1,0,14005,33209,NQM5
2025-05-04T22:00:10.715963737Z,2025-05-04T22:00:10.715610525Z,0,1,42005804,T,A,0,20175.500000000,1,0,13855,33653,NQM5
2025-05-04T22:00:11.050923826Z,2025-05-04T22:00:11.050611397Z,0,1,42005804,T,B,0,20178.500000000,1,0,13622,34820,NQM5
2025-05-04T22:00:11.057750979Z,2025-05-04T22:00:11.057444021Z,0,1,42005804,T,A,0,20176.750000000,1,0,14254,34849,NQM5
2025-05-04T22:00:11.156952804Z,2025-05-04T22:00:11.156595699Z,0,1,42005804,T,A,0,20175.500000000,1,0,13863,34964,NQM5
2025-05-04T22:00:11.188296299Z,2025-05-04T22:00:11.185682653Z,0,1,42005804,T,B,0,20179.750000000,2,0,12910,35078,NQM5
2025-05-04T22:00:11.191119341Z,2025-05-04T22:00:11.189223621Z,0,1,42005804,T,B,0,20179.750000000,1,0,13233,35216,NQM5
2025-05-04T22:00:11.192085173Z,2025-05-04T22:00:11.191245117Z,0,1,42005804,T,B,0,20180.000000000,1,0,12713,35282,NQM5
2025-05-04T22:00:11.744371469Z,2025-05-04T22:00:11.744026803Z,0,1,42005804,T,A,0,20175.250000000,1,0,14036,36935,NQM5
2025-05-04T22:00:12.008739382Z,2025-05-04T22:00:12.008374955Z,0,1,42005804,T,B,0,20180.250000000,2,0,13904,37341,NQM5
2025-05-04T22:00:12.009438002Z,2025-05-04T22:00:12.008943403Z,0,1,42005804,T,B,0,20180.750000000,2,0,13665,37367,NQM5
2025-05-04T22:00:12.011572907Z,2025-05-04T22:00:12.011131277Z,0,1,42005804,T,B,0,20181.250000000,1,0,13767,37451,NQM5
2025-05-04T22:00:12.155221190Z,2025-05-04T22:00:12.154791897Z,0,1,42005804,T,A,0,20180.000000000,1,0,13863,38200,NQM5
2025-05-04T22:00:12.672299496Z,2025-05-04T22:00:12.671902389Z,0,1,42005804,T,A,0,20180.500000000,1,0,14613,39031,NQM5
2025-05-04T22:00:12.777427704Z,2025-05-04T22:00:12.776885131Z,0,1,42005804,T,A,0,20180.500000000,2,0,14351,39226,NQM5
2025-05-04T22:00:12.777825806Z,2025-05-04T22:00:12.777443307Z,0,1,42005804,T,A,0,20180.250000000,1,0,12938,39245,NQM5
2025-05-04T22:00:12.778199795Z,2025-05-04T22:00:12.777841439Z,0,1,42005804,T,A,0,20180.000000000,1,0,13884,39256,NQM5
2025-05-04T22:00:12.799013255Z,2025-05-04T22:00:12.793791269Z,0,1,42005804,T,B,0,20181.000000000,1,0,13522,39302,NQM5
2025-05-04T22:00:13.365376103Z,2025-05-04T22:00:13.364839589Z,0,1,42005804,T,B,0,20183.250000000,2,0,13749,40282,NQM5
2025-05-04T22:00:13.379028443Z,2025-05-04T22:00:13.378685443Z,0,1,42005804,T,B,0,20183.500000000,1,0,14209,40350,NQM5
2025-05-04T22:00:13.380133544Z,2025-05-04T22:00:13.379340749Z,0,1,42005804,T,B,0,20184.500000000,1,0,13699,40387,NQM5
2025-05-04T22:00:13.380486959Z,2025-05-04T22:00:13.379814277Z,0,1,42005804,T,A,0,20184.500000000,1,0,13595,40403,NQM5
2025-05-04T22:00:13.382868686Z,2025-05-04T22:00:13.381504701Z,0,1,42005804,T,A,0,20185.500000000,1,0,13570,40527,NQM5
2025-05-04T22:00:13.534849694Z,2025-05-04T22:00:13.534364869Z,0,1,42005804,T,A,0,20184.750000000,3,0,12126,41153,NQM5
2025-05-04T22:00:13.885392014Z,2025-05-04T22:00:13.885022577Z,0,1,42005804,T,A,0,20184.500000000,1,0,14334,41492,NQM5
2025-05-04T22:00:13.963258228Z,2025-05-04T22:00:13.962944625Z,0,1,42005804,T,A,0,20184.500000000,1,0,14851,41542,NQM5
2025-05-04T22:00:14.143037498Z,2025-05-04T22:00:14.142666277Z,0,1,42005804,T,A,0,20184.250000000,1,0,14253,41652,NQM5
2025-05-04T22:00:14.631715105Z,2025-05-04T22:00:14.631398021Z,0,1,42005804,T,A,0,20183.000000000,1,0,14091,42082,NQM5
2025-05-04T22:00:14.724100044Z,2025-05-04T22:00:14.723810959Z,0,1,42005804,T,A,0,20183.000000000,1,0,13930,42160,NQM5
2025-05-04T22:00:15.079932358Z,2025-05-04T22:00:15.079603203Z,0,1,42005804,T,A,0,20182.250000000,1,0,15757,42677,NQM5
2025-05-04T22:00:15.508826377Z,2025-05-04T22:00:15.508318717Z,0,1,42005804,T,A,0,20179.250000000,1,0,14879,44179,NQM5
2025-05-04T22:00:15.508826377Z,2025-05-04T22:00:15.508318717Z,0,1,42005804,T,A,0,20179.000000000,1,0,14879,44179,NQM5
2025-05-04T22:00:15.508826377Z,2025-05-04T22:00:15.508318717Z,0,1,42005804,T,A,0,20176.500000000,2,0,14879,44179,NQM5
2025-05-04T22:00:15.510545087Z,2025-05-04T22:00:15.509817151Z,0,1,42005804,T,B,0,20179.250000000,1,0,13938,44253,NQM5
2025-05-04T22:00:16.357725724Z,2025-05-04T22:00:16.357429527Z,0,1,42005804,T,A,0,20177.500000000,2,0,14419,44973,NQM5
2025-05-04T22:00:16.854121105Z,2025-05-04T22:00:16.853733389Z,0,1,42005804,T,B,0,20178.500000000,2,0,13151,45427,NQM5
2025-05-04T22:00:16.922275506Z,2025-05-04T22:00:16.921845277Z,0,1,42005804,T,A,0,20179.000000000,1,0,13962,46000,NQM5
2025-05-04T22:00:17.568461437Z,2025-05-04T22:00:17.568084391Z,0,1,42005804,T,B,0,20179.500000000,1,0,13754,46274,NQM5
2025-05-04T22:00:17.602795048Z,2025-05-04T22:00:17.602460107Z,0,1,42005804,T,B,0,20180.250000000,1,0,13891,46338,NQM5
2025-05-04T22:00:18.037583551Z,2025-05-04T22:00:18.037211307Z,0,1,42005804,T,A,0,20178.250000000,1,0,13005,46672,NQM5
2025-05-04T22:00:22.488791499Z,2025-05-04T22:00:22.488429169Z,0,1,42005804,T,B,0,20179.500000000,2,0,14322,49786,NQM5
2025-05-04T22:00:22.764670809Z,2025-05-04T22:00:22.764301369Z,0,1,42005804,T,B,0,20179.250000000,1,0,13308,49905,NQM5
2025-05-04T22:00:22.768552783Z,2025-05-04T22:00:22.768265643Z,0,1,42005804,T,B,0,20178.750000000,2,0,12818,49928,NQM5
2025-05-04T22:00:22.978638139Z,2025-05-04T22:00:22.978319349Z,0,1,42005804,T,B,0,20179.750000000,1,0,14369,49982,NQM5
2025-05-04T22:00:23.248944497Z,2025-05-04T22:00:23.248435881Z,0,1,42005804,T,B,0,20181.000000000,1,0,14497,50039,NQM5
2025-05-04T22:00:23.248944497Z,2025-05-04T22:00:23.248435881Z,0,1,42005804,T,B,0,20182.500000000,1,0,14497,50039,NQM5
2025-05-04T22:00:23.881314107Z,2025-05-04T22:00:23.880982103Z,0,1,42005804,T,B,0,20181.000000000,1,0,13874,50413,NQM5
2025-05-04T22:00:23.895617330Z,2025-05-04T22:00:23.895309973Z,0,1,42005804,T,B,0,20181.500000000,1,0,13912,50437,NQM5
2025-05-04T22:00:23.896771143Z,2025-05-04T22:00:23.896427171Z,0,1,42005804,T,B,0,20184.750000000,1,0,12896,50484,NQM5
2025-05-04T22:00:23.924885757Z,2025-05-04T22:00:23.924466649Z,0,1,42005804,T,B,0,20182.750000000,1,0,14215,50805,NQM5
2025-05-04T22:00:23.924959727Z,2025-05-04T22:00:23.924471359Z,0,1,42005804,T,A,0,20182.000000000,2,0,11924,50807,NQM5
2025-05-04T22:00:24.590930945Z,2025-05-04T22:00:24.590059895Z,0,1,42005804,T,A,0,20181.250000000,1,0,13029,52812,NQM5
2025-05-04T22:00:26.352107363Z,2025-05-04T22:00:26.351694545Z,0,1,42005804,T,B,0,20181.250000000,2,0,13791,53976,NQM5
2025-05-04T22:00:26.352751098Z,2025-05-04T22:00:26.352349043Z,0,1,42005804,T,A,0,20180.500000000,1,0,13492,54014,NQM5
2025-05-04T22:00:26.352934487Z,2025-05-04T22:00:26.352357511Z,0,1,42005804,T,A,0,20180.500000000,1,0,13616,54016,NQM5
2025-05-04T22:00:26.447889797Z,2025-05-04T22:00:26.446946957Z,0,1,42005804,T,A,0,20177.750000000,1,0,13955,54306,NQM5
2025-05-04T22:00:26.571206484Z,2025-05-04T22:00:26.570878107Z,0,1,42005804,T,A,0,20176.500000000,1,0,14035,55045,NQM5
2025-05-04T22:00:27.568392578Z,2025-05-04T22:00:27.568086087Z,0,1,42005804,T,A,0,20176.500000000,1,0,14033,56028,NQM5
2025-05-04T22:00:27.959930186Z,2025-05-04T22:00:27.959623559Z,0,1,42005804,T,B,0,20177.750000000,1,0,14220,56151,NQM5
2025-05-04T22:00:27.961490403Z,2025-05-04T22:00:27.960843531Z,0,1,42005804,T,B,0,20179.750000000,2,0,14106,56228,NQM5
2025-05-04T22:00:27.964390709Z,2025-05-04T22:00:27.963702837Z,0,1,42005804,T,A,0,20181.000000000,1,0,14627,56325,NQM5
2025-05-04T22:00:27.964636011Z,2025-05-04T22:00:27.964056869Z,0,1,42005804,T,A,0,20181.000000000,1,0,13810,56335,NQM5
2025-05-04T22:00:27.965433030Z,2025-05-04T22:00:27.964951303Z,0,1,42005804,T,A,0,20179.750000000,1,0,13810,56376,NQM5
2025-05-04T22:00:27.966041008Z,2025-05-04T22:00:27.965606529Z,0,1,42005804,T,A,0,20180.000000000,1,0,13836,56400,NQM5
2025-05-04T22:00:27.966671856Z,2025-05-04T22:00:27.966306087Z,0,1,42005804,T,A,0,20180.000000000,5,0,12988,56428,NQM5
2025-05-04T22:00:28.559145262Z,2025-05-04T22:00:28.558548765Z,0,1,42005804,T,B,0,20180.750000000,1,0,15000,57359,NQM5
2025-05-04T22:00:28.559145262Z,2025-05-04T22:00:28.558548765Z,0,1,42005804,T,B,0,20181.250000000,1,0,15000,57359,NQM5
2025-05-04T22:00:28.559145262Z,2025-05-04T22:00:28.558548765Z,0,1,42005804,T,B,0,20181.500000000,1,0,15000,57359,NQM5
2025-05-04T22:00:28.559145262Z,2025-05-04T22:00:28.558548765Z,0,1,42005804,T,B,0,20183.250000000,1,0,15000,57359,NQM5
2025-05-04T22:00:28.559145262Z,2025-05-04T22:00:28.558548765Z,0,1,42005804,T,B,0,20185.000000000,1,0,15000,57359,NQM5
2025-05-04T22:00:28.560226472Z,2025-05-04T22:00:28.559452411Z,0,1,42005804,T,B,0,20180.750000000,1,0,13929,57387,NQM5
2025-05-04T22:00:29.176740883Z,2025-05-04T22:00:29.176409533Z,0,1,42005804,T,B,0,20181.750000000,1,0,14270,58752,NQM5
2025-05-04T22:00:30.828673377Z,2025-05-04T22:00:30.827763951Z,0,1,42005804,T,A,0,20179.000000000,1,0,14115,59032,NQM5
2025-05-04T22:00:31.625035699Z,2025-05-04T22:00:31.624663733Z,0,1,42005804,T,B,0,20181.500000000,1,0,13176,61135,NQM5
2025-05-04T22:00:31.626519036Z,2025-05-04T22:00:31.626205595Z,0,1,42005804,T,B,0,20181.500000000,1,0,14088,61157,NQM5
2025-05-04T22:00:31.634613875Z,2025-05-04T22:00:31.634291885Z,0,1,42005804,T,B,0,20181.750000000,2,0,14160,61165,NQM5
2025-05-04T22:00:33.492628558Z,2025-05-04T22:00:33.492337691Z,0,1,42005804,T,A,0,20180.500000000,1,0,15776,61511,NQM5
2025-05-04T22:00:33.495581431Z,2025-05-04T22:00:33.495154185Z,0,1,42005804,T,A,0,20180.500000000,1,0,16708,61552,NQM5
2025-05-04T22:00:33.497117374Z,2025-05-04T22:00:33.496832439Z,0,1,42005804,T,A,0,20180.500000000,1,0,16012,61580,NQM5
2025-05-04T22:00:33.955351914Z,2025-05-04T22:00:33.955001049Z,0,1,42005804,T,B,0,20181.750000000,1,0,15013,61871,NQM5
2025-05-04T22:00:34.094197168Z,2025-05-04T22:00:34.093868047Z,0,1,42005804,T,A,0,20180.250000000,1,0,18141,61999,NQM5
2025-05-04T22:00:34.963133529Z,2025-05-04T22:00:34.962639365Z,0,1,42005804,T,A,0,20180.000000000,2,0,16458,62456,NQM5
2025-05-04T22:00:34.963133529Z,2025-05-04T22:00:34.962639365Z,0,1,42005804,T,A,0,20178.750000000,2,0,16458,62456,NQM5
2025-05-04T22:00:34.981711712Z,2025-05-04T22:00:34.981393901Z,0,1,42005804,T,A,0,20179.000000000,1,0,14674,62502,NQM5
2025-05-04T22:00:35.779552452Z,2025-05-04T22:00:35.778804455Z,0,1,42005804,T,B,0,20182.000000000,2,0,16917,62593,NQM5
2025-05-04T22:00:36.387928974Z,2025-05-04T22:00:36.387601225Z,0,1,42005804,T,B,0,20182.000000000,1,0,17995,62789,NQM5
2025-05-04T22:00:36.402531511Z,2025-05-04T22:00:36.402212817Z,0,1,42005804,T,A,0,20179.250000000,1,0,15754,62801,NQM5
2025-05-04T22:00:36.607453818Z,2025-05-04T22:00:36.607110809Z,0,1,42005804,T,B,0,20181.500000000,1,0,16054,64031,NQM5
2025-05-04T22:00:36.765153142Z,2025-05-04T22:00:36.764875091Z,0,1,42005804,T,B,0,20180.000000000,1,0,13388,64063,NQM5
2025-05-04T22:00:38.339982118Z,2025-05-04T22:00:38.339192663Z,0,1,42005804,T,A,0,20180.000000000,1,0,14011,65055,NQM5
2025-05-04T22:00:38.424205444Z,2025-05-04T22:00:38.423848617Z,0,1,42005804,T,A,0,20180.750000000,1,0,13804,65308,NQM5
2025-05-04T22:00:38.455365786Z,2025-05-04T22:00:38.455077479Z,0,1,42005804,T,A,0,20180.750000000,1,0,13860,65374,NQM5
2025-05-04T22:00:38.689395485Z,2025-05-04T22:00:38.689087343Z,0,1,42005804,T,A,0,20180.750000000,1,0,13609,65543,NQM5
2025-05-04T22:00:38.689959044Z,2025-05-04T22:00:38.689686047Z,0,1,42005804,T,B,0,20181.250000000,1,0,13735,65558,NQM5
2025-05-04T22:00:38.690291571Z,2025-05-04T22:00:38.689988441Z,0,1,42005804,T,B,0,20181.000000000,1,0,13835,65571,NQM5
2025-05-04T22:00:38.751077763Z,2025-05-04T22:00:38.750750781Z,0,1,42005804,T,B,0,20181.500000000,2,0,14587,65607,NQM5
2025-05-04T22:00:38.783110361Z,2025-05-04T22:00:38.782455129Z,0,1,42005804,T,B,0,20182.250000000,2,0,14104,65782,NQM5
2025-05-04T22:00:38.783557919Z,2025-05-04T22:00:38.783119305Z,0,1,42005804,T,B,0,20182.000000000,1,0,13037,65810,NQM5
2025-05-04T22:00:39.144148599Z,2025-05-04T22:00:39.143862279Z,0,1,42005804,T,A,0,20180.500000000,1,0,14343,66210,NQM5
2025-05-04T22:00:39.169928308Z,2025-05-04T22:00:39.169633655Z,0,1,42005804,T,B,0,20182.000000000,1,0,14154,66252,NQM5
2025-05-04T22:00:39.170094072Z,2025-05-04T22:00:39.169784157Z,0,1,42005804,T,A,0,20181.250000000,1,0,14015,66254,NQM5
2025-05-04T22:00:46.692446037Z,2025-05-04T22:00:46.692136411Z,0,1,42005804,T,B,0,20180.750000000,2,0,16812,68413,NQM5
2025-05-04T22:00:46.704467777Z,2025-05-04T22:00:46.704013723Z,0,1,42005804,T,B,0,20181.000000000,1,0,16625,68448,NQM5
2025-05-04T22:00:46.704467777Z,2025-05-04T22:00:46.704013723Z,0,1,42005804,T,B,0,20181.250000000,2,0,16625,68448,NQM5
2025-05-04T22:00:46.705390830Z,2025-05-04T22:00:46.705090449Z,0,1,42005804,T,A,0,20181.000000000,3,0,16451,68484,NQM5
2025-05-04T22:00:47.314318330Z,2025-05-04T22:00:47.314006421Z,0,1,42005804,T,A,0,20179.250000000,1,0,18518,68700,NQM5
2025-05-04T22:00:48.654082233Z,2025-05-04T22:00:48.653387941Z,0,1,42005804,T,B,0,20181.250000000,2,0,15499,68842,NQM5
2025-05-04T22:00:48.654692138Z,2025-05-04T22:00:48.654091379Z,0,1,42005804,T,B,0,20181.500000000,6,0,15428,68858,NQM5
2025-05-04T22:00:48.654885657Z,2025-05-04T22:00:48.654150973Z,0,1,42005804,T,B,0,20181.750000000,1,0,16608,68861,NQM5
2025-05-04T22:00:50.927690522Z,2025-05-04T22:00:50.925105243Z,0,1,42005804,T,A,0,20178.750000000,1,0,13539,70487,NQM5
2025-05-04T22:00:50.956397317Z,2025-05-04T22:00:50.956100357Z,0,1,42005804,T,A,0,20178.000000000,2,0,14288,70662,NQM5
2025-05-04T22:00:50.957037987Z,2025-05-04T22:00:50.956697105Z,0,1,42005804,T,A,0,20177.500000000,1,0,14020,70671,NQM5
2025-05-04T22:00:51.119346021Z,2025-05-04T22:00:51.119045159Z,0,1,42005804,T,A,0,20177.500000000,1,0,16298,70761,NQM5
2025-05-04T22:00:52.129922714Z,2025-05-04T22:00:52.129151489Z,0,1,42005804,T,A,0,20176.750000000,1,0,14555,71416,NQM5
2025-05-04T22:00:52.177914855Z,2025-05-04T22:00:52.177497375Z,0,1,42005804,T,A,0,20176.000000000,1,0,14184,71571,NQM5
2025-05-04T22:00:52.178232944Z,2025-05-04T22:00:52.177923709Z,0,1,42005804,T,A,0,20175.750000000,2,0,14088,71573,NQM5
2025-05-04T22:00:52.190296091Z,2025-05-04T22:00:52.189965865Z,0,1,42005804,T,A,0,20175.000000000,1,0,14496,71809,NQM5
2025-05-04T22:00:52.325419944Z,2025-05-04T22:00:52.324743643Z,0,1,42005804,T,A,0,20172.750000000,1,0,14404,72056,NQM5
2025-05-04T22:00:52.325419944Z,2025-05-04T22:00:52.324743643Z,0,1,42005804,T,A,0,20172.500000000,1,0,14404,72056,NQM5
2025-05-04T22:00:52.325434904Z,2025-05-04T22:00:52.324743643Z,0,1,42005804,T,A,0,20171.750000000,2,0,13287,72057,NQM5
2025-05-04T22:00:52.325434904Z,2025-05-04T22:00:52.324743643Z,0,1,42005804,T,A,0,20170.750000000,1,0,13287,72057,NQM5
2025-05-04T22:00:52.325461714Z,2025-05-04T22:00:52.324743643Z,0,1,42005804,T,A,0,20170.750000000,1,0,11608,72058,NQM5
2025-05-04T22:00:52.348722370Z,2025-05-04T22:00:52.348415497Z,0,1,42005804,T,A,0,20170.250000000,1,0,15708,72463,NQM5
2025-05-04T22:00:52.350223570Z,2025-05-04T22:00:52.349909671Z,0,1,42005804,T,A,0,20170.000000000,1,0,12218,72514,NQM5
2025-05-04T22:00:52.350633007Z,2025-05-04T22:00:52.350232483Z,0,1,42005804,T,A,0,20169.750000000,3,0,14073,72529,NQM5
2025-05-04T22:00:52.352889418Z,2025-05-04T22:00:52.352390523Z,0,1,42005804,T,B,0,20167.750000000,1,0,14006,72673,NQM5
2025-05-04T22:00:52.352910937Z,2025-05-04T22:00:52.352390523Z,0,1,42005804,T,A,0,20166.750000000,1,0,14124,72674,NQM5
2025-05-04T22:00:52.353509545Z,2025-05-04T22:00:52.353231809Z,0,1,42005804,T,B,0,20167.750000000,1,0,13915,72702,NQM5
2025-05-04T22:00:52.379240420Z,2025-05-04T22:00:52.378217789Z,0,1,42005804,T,A,0,20166.500000000,1,0,13045,73002,NQM5
2025-05-04T22:00:52.389976247Z,2025-05-04T22:00:52.389621553Z,0,1,42005804,T,A,0,20166.500000000,1,0,14376,73160,NQM5
2025-05-04T22:00:52.406720990Z,2025-05-04T22:00:52.406413879Z,0,1,42005804,T,B,0,20165.750000000,2,0,14191,73338,NQM5
2025-05-04T22:00:52.407567504Z,2025-05-04T22:00:52.407190523Z,0,1,42005804,T,B,0,20166.250000000,1,0,13180,73353,NQM5
2025-05-04T22:00:52.466604320Z,2025-05-04T22:00:52.466300977Z,0,1,42005804,T,A,0,20164.000000000,1,0,11368,73637,NQM5
2025-05-04T22:00:52.499557208Z,2025-05-04T22:00:52.499254479Z,0,1,42005804,T,B,0,20165.000000000,1,0,14111,73802,NQM5
2025-05-04T22:00:52.600666616Z,2025-05-04T22:00:52.600373071Z,0,1,42005804,T,B,0,20165.000000000,1,0,14288,73987,NQM5
2025-05-04T22:00:53.446265064Z,2025-05-04T22:00:53.445972499Z,0,1,42005804,T,A,0,20161.000000000,1,0,14345,74587,NQM5
2025-05-04T22:00:53.455178594Z,2025-05-04T22:00:53.454558119Z,0,1,42005804,T,B,0,20165.000000000,1,0,14019,74758,NQM5
2025-05-04T22:00:53.455178594Z,2025-05-04T22:00:53.454558119Z,0,1,42005804,T,B,0,20165.250000000,1,0,14019,74758,NQM5
2025-05-04T22:00:53.457286704Z,2025-05-04T22:00:53.456633815Z,0,1,42005804,T,B,0,20166.250000000,1,0,13479,74855,NQM5
2025-05-04T22:00:53.499150167Z,2025-05-04T22:00:53.498772833Z,0,1,42005804,T,A,0,20166.000000000,1,0,14252,75709,NQM5
2025-05-04T22:00:53.500412992Z,2025-05-04T22:00:53.499916737Z,0,1,42005804,T,A,0,20166.750000000,1,0,13703,75798,NQM5
2025-05-04T22:00:53.500745726Z,2025-05-04T22:00:53.500343111Z,0,1,42005804,T,B,0,20167.000000000,1,0,12915,75816,NQM5
2025-05-04T22:00:53.500887522Z,2025-05-04T22:00:53.500497645Z,0,1,42005804,T,A,0,20166.750000000,1,0,14466,75818,NQM5
2025-05-04T22:00:53.501150609Z,2025-05-04T22:00:53.500741205Z,0,1,42005804,T,B,0,20166.750000000,1,0,13436,75826,NQM5
2025-05-04T22:00:54.109020243Z,2025-05-04T22:00:54.108658457Z,0,1,42005804,T,B,0,20167.250000000,1,0,13445,78010,NQM5
2025-05-04T22:00:54.109242715Z,2025-05-04T22:00:54.108845209Z,0,1,42005804,T,B,0,20167.000000000,1,0,13128,78020,NQM5
2025-05-04T22:00:54.158965206Z,2025-05-04T22:00:54.158672191Z,0,1,42005804,T,A,0,20167.750000000,1,0,13953,78182,NQM5
2025-05-04T22:00:54.159863288Z,2025-05-04T22:00:54.159583037Z,0,1,42005804,T,A,0,20167.750000000,1,0,14046,78212,NQM5
2025-05-04T22:00:54.164783773Z,2025-05-04T22:00:54.164488473Z,0,1,42005804,T,B,0,20167.000000000,1,0,13624,78374,NQM5
2025-05-04T22:00:54.165069424Z,2025-05-04T22:00:54.164800015Z,0,1,42005804,T,B,0,20167.000000000,1,0,13712,78378,NQM5
2025-05-04T22:00:54.216691477Z,2025-05-04T22:00:54.216419603Z,0,1,42005804,T,B,0,20170.250000000,1,0,14074,78446,NQM5
2025-05-04T22:00:55.001097100Z,2025-05-04T22:00:55.000784463Z,0,1,42005804,T,B,0,20171.250000000,1,0,14186,78904,NQM5
2025-05-04T22:00:55.001603739Z,2025-05-04T22:00:55.001349591Z,0,1,42005804,T,B,0,20172.000000000,1,0,13164,78927,NQM5
2025-05-04T22:00:55.001786045Z,2025-05-04T22:00:55.001414781Z,0,1,42005804,T,B,0,20171.750000000,1,0,14550,78929,NQM5
2025-05-04T22:00:55.002695209Z,2025-05-04T22:00:55.002367989Z,0,1,42005804,T,B,0,20173.250000000,1,0,13743,78961,NQM5
2025-05-04T22:00:55.003096959Z,2025-05-04T22:00:55.002757771Z,0,1,42005804,T,B,0,20174.000000000,1,0,14652,78968,NQM5
2025-05-04T22:00:55.004029730Z,2025-05-04T22:00:55.003591031Z,0,1,42005804,T,B,0,20175.000000000,1,0,14045,79001,NQM5
2025-05-04T22:00:55.004771733Z,2025-05-04T22:00:55.004101057Z,0,1,42005804,T,B,0,20175.000000000,1,0,14144,79023,NQM5
2025-05-04T22:00:55.011198448Z,2025-05-04T22:00:55.010676603Z,0,1,42005804,T,B,0,20180.500000000,1,0,14807,79175,NQM5
2025-05-04T22:00:55.041957293Z,2025-05-04T22:00:55.041671467Z,0,1,42005804,T,A,0,20174.500000000,1,0,14388,79917,NQM5
2025-05-04T22:00:55.066763905Z,2025-05-04T22:00:55.066443569Z,0,1,42005804,T,B,0,20182.500000000,1,0,14122,79962,NQM5
2025-05-04T22:00:55.067103697Z,2025-05-04T22:00:55.066767419Z,0,1,42008487,T,B,0,20375.500000000,1,0,12881,79967,NQU5
2025-05-04T22:00:55.070896772Z,2025-05-04T22:00:55.067101275Z,0,1,42009338,T,B,0,197.850000000,1,0,14392,79970,NQM5-NQU5
2025-05-04T22:00:55.207445817Z,2025-05-04T22:00:55.206898587Z,0,1,42005804,T,A,0,20169.250000000,9,0,15276,80075,NQM5
2025-05-04T22:00:55.207445817Z,2025-05-04T22:00:55.206898587Z,0,1,42005804,T,A,0,20169.000000000,2,0,15276,80075,NQM5
2025-05-04T22:00:55.207445817Z,2025-05-04T22:00:55.206898587Z,0,1,42005804,T,A,0,20168.500000000,2,0,15276,80075,NQM5
2025-05-04T22:00:55.220592201Z,2025-05-04T22:00:55.220322943Z,0,1,42005804,T,B,0,20171.250000000,1,0,13892,80512,NQM5
2025-05-04T22:00:55.222927141Z,2025-05-04T22:00:55.222623749Z,0,1,42005804,T,B,0,20171.250000000,1,0,15890,80516,NQM5
2025-05-04T22:00:55.292914135Z,2025-05-04T22:00:55.292254999Z,0,1,42005804,T,A,0,20168.500000000,2,0,15627,81187,NQM5
2025-05-04T22:00:55.292914135Z,2025-05-04T22:00:55.292254999Z,0,1,42005804,T,A,0,20168.250000000,3,0,15627,81187,NQM5
2025-05-04T22:00:55.292914135Z,2025-05-04T22:00:55.292254999Z,0,1,42005804,T,A,0,20167.000000000,1,0,15627,81187,NQM5
2025-05-04T22:00:55.292914135Z,2025-05-04T22:00:55.292254999Z,0,1,42005804,T,A,0,20166.500000000,2,0,15627,81187,NQM5
2025-05-04T22:00:55.292914135Z,2025-05-04T22:00:55.292254999Z,0,1,42005804,T,A,0,20166.000000000,1,0,15627,81187,NQM5
2025-05-04T22:00:55.292914135Z,2025-05-04T22:00:55.292254999Z,0,1,42005804,T,A,0,20165.500000000,1,0,15627,81187,NQM5
2025-05-04T22:00:55.540268778Z,2025-05-04T22:00:55.539905803Z,0,1,42005804,T,A,0,20166.500000000,4,0,12922,81594,NQM5
2025-05-04T22:00:55.714741453Z,2025-05-04T22:00:55.714379623Z,0,1,42005804,T,A,0,20163.250000000,2,0,14318,81908,NQM5
2025-05-04T22:00:56.052239512Z,2025-05-04T22:00:56.051837967Z,0,1,42005804,T,B,0,20164.500000000,2,0,13384,82373,NQM5
2025-05-04T22:00:56.052765718Z,2025-05-04T22:00:56.052434639Z,0,1,42005804,T,B,0,20164.750000000,1,0,13626,82387,NQM5
2025-05-04T22:00:56.063012025Z,2025-05-04T22:00:56.062706269Z,0,1,42005804,T,B,0,20164.750000000,1,0,14005,82425,NQM5
2025-05-04T22:00:56.063343261Z,2025-05-04T22:00:56.063061473Z,0,1,42005804,T,B,0,20164.750000000,1,0,14117,82430,NQM5
2025-05-04T22:00:56.073932831Z,2025-05-04T22:00:56.073642783Z,0,1,42005804,T,B,0,20164.750000000,1,0,14230,82459,NQM5
2025-05-04T22:00:56.660579055Z,2025-05-04T22:00:56.660275021Z,0,1,42005804,T,A,0,20160.250000000,1,0,14129,82856,NQM5
2025-05-04T22:00:57.733288141Z,2025-05-04T22:00:57.732784087Z,0,1,42005804,T,B,0,20164.250000000,1,0,13073,83325,NQM5
2025-05-04T22:00:58.133104857Z,2025-05-04T22:00:58.132798129Z,0,1,42005804,T,B,0,20164.500000000,1,0,14060,83569,NQM5
2025-05-04T22:00:58.415468016Z,2025-05-04T22:00:58.414787269Z,0,1,42005804,T,A,0,20163.250000000,2,0,15821,83700,NQM5
2025-05-04T22:00:58.415468016Z,2025-05-04T22:00:58.414787269Z,0,1,42005804,T,A,0,20162.500000000,1,0,15821,83700,NQM5
2025-05-04T22:00:58.415468016Z,2025-05-04T22:00:58.414787269Z,0,1,42005804,T,A,0,20160.750000000,1,0,15821,83700,NQM5
2025-05-04T22:00:58.415468016Z,2025-05-04T22:00:58.414787269Z,0,1,42005804,T,A,0,20160.500000000,1,0,15821,83700,NQM5
2025-05-04T22:00:58.415468016Z,2025-05-04T22:00:58.414787269Z,0,1,42005804,T,A,0,20160.250000000,1,0,15821,83700,NQM5
2025-05-04T22:00:58.415468016Z,2025-05-04T22:00:58.414787269Z,0,1,42005804,T,A,0,20160.000000000,3,0,15821,83700,NQM5
2025-05-04T22:00:58.415468016Z,2025-05-04T22:00:58.414787269Z,0,1,42005804,T,A,0,20159.250000000,1,0,15821,83700,NQM5
2025-05-04T22:00:58.778261648Z,2025-05-04T22:00:58.777964229Z,0,1,42005804,T,B,0,20164.000000000,1,0,14328,83913,NQM5
2025-05-04T22:00:58.994470363Z,2025-05-04T22:00:58.994174327Z,0,1,42005804,T,B,0,20164.750000000,1,0,14547,84470,NQM5
2025-05-04T22:00:59.238572462Z,2025-05-04T22:00:59.238262771Z,0,1,42005804,T,A,0,20161.500000000,1,0,13797,84722,NQM5
2025-05-04T22:00:59.239428821Z,2025-05-04T22:00:59.239148159Z,0,1,42005804,T,B,0,20162.750000000,1,0,13726,84761,NQM5
2025-05-04T22:00:59.269821364Z,2025-05-04T22:00:59.269528189Z,0,1,42005804,T,B,0,20163.500000000,1,0,13962,84789,NQM5
2025-05-04T22:00:59.643783845Z,2025-05-04T22:00:59.643499381Z,0,1,42005804,T,B,0,20163.500000000,1,0,16223,84836,NQM5
2025-05-04T22:00:59.932412736Z,2025-05-04T22:00:59.931948797Z,0,1,42005804,T,B,0,20163.500000000,1,0,13507,84907,NQM5
2025-05-04T22:00:59.961230555Z,2025-05-04T22:00:59.960947007Z,0,1,42005804,T,B,0,20163.500000000,1,0,14131,84974,NQM5
2025-05-04T22:01:00.091172007Z,2025-05-04T22:01:00.090792989Z,0,1,42005804,T,B,0,20163.750000000,1,0,13795,85103,NQM5
2025-05-04T22:01:00.091434388Z,2025-05-04T22:01:00.090820405Z,0,1,42005804,T,B,0,20164.000000000,1,0,14666,85107,NQM5
2025-05-04T22:01:00.092156738Z,2025-05-04T22:01:00.091370805Z,0,1,42005804,T,A,0,20162.250000000,1,0,13952,85124,NQM5
2025-05-04T22:01:00.093210057Z,2025-05-04T22:01:00.092613085Z,0,1,42005804,T,B,0,20164.750000000,1,0,10862,85202,NQM5
2025-05-04T22:01:00.093319506Z,2025-05-04T22:01:00.092636643Z,0,1,42005804,T,A,0,20164.000000000,1,0,17159,85204,NQM5
2025-05-04T22:01:00.308019834Z,2025-05-04T22:01:00.307552257Z,0,1,42005804,T,B,0,20164.750000000,1,0,14114,85412,NQM5
2025-05-04T22:01:00.308019834Z,2025-05-04T22:01:00.307552257Z,0,1,42005804,T,B,0,20165.000000000,1,0,14114,85412,NQM5
2025-05-04T22:01:00.308019834Z,2025-05-04T22:01:00.307552257Z,0,1,42005804,T,B,0,20165.250000000,1,0,14114,85412,NQM5
2025-05-04T22:01:00.332103520Z,2025-05-04T22:01:00.331600569Z,0,1,42005804,T,A,0,20163.000000000,4,0,13979,85489,NQM5
2025-05-04T22:01:00.512563222Z,2025-05-04T22:01:00.512207187Z,0,1,42005804,T,B,0,20164.500000000,1,0,14573,85689,NQM5
2025-05-04T22:01:01.342870500Z,2025-05-04T22:01:01.341841213Z,0,1,42005804,T,A,0,20161.500000000,1,0,13838,86166,NQM5
2025-05-04T22:01:01.377433118Z,2025-05-04T22:01:01.376839153Z,0,1,42005804,T,B,0,20162.250000000,3,0,15212,86571,NQM5
2025-05-04T22:01:01.377433118Z,2025-05-04T22:01:01.376839153Z,0,1,42005804,T,B,0,20163.500000000,1,0,15212,86571,NQM5
2025-05-04T22:01:01.377433118Z,2025-05-04T22:01:01.376839153Z,0,1,42005804,T,B,0,20163.750000000,1,0,15212,86571,NQM5
2025-05-04T22:01:01.461629228Z,2025-05-04T22:01:01.461327363Z,0,1,42005804,T,A,0,20158.500000000,1,0,13597,86698,NQM5
2025-05-04T22:01:01.543121320Z,2025-05-04T22:01:01.542775637Z,0,1,42005804,T,A,0,20158.500000000,1,0,10899,87016,NQM5
2025-05-04T22:01:01.562572784Z,2025-05-04T22:01:01.561615169Z,0,1,42005804,T,A,0,20155.500000000,1,0,14200,87459,NQM5
2025-05-04T22:01:01.564008293Z,2025-05-04T22:01:01.563104565Z,0,1,42005804,T,B,0,20156.000000000,1,0,13956,87526,NQM5
2025-05-04T22:01:01.676252527Z,2025-05-04T22:01:01.675982159Z,0,1,42005804,T,B,0,20155.750000000,1,0,14357,87812,NQM5
2025-05-04T22:01:02.286333585Z,2025-05-04T22:01:02.285807855Z,0,1,42005804,T,B,0,20155.250000000,2,0,13039,89388,NQM5
2025-05-04T22:01:02.292733529Z,2025-05-04T22:01:02.292432679Z,0,1,42005804,T,B,0,20155.750000000,1,0,14023,89496,NQM5
2025-05-04T22:01:02.315368974Z,2025-05-04T22:01:02.315052939Z,0,1,42005804,T,A,0,20153.250000000,1,0,14136,89904,NQM5
2025-05-04T22:01:02.370067172Z,2025-05-04T22:01:02.369613025Z,0,1,42005804,T,A,0,20154.250000000,2,0,14994,90147,NQM5
2025-05-04T22:01:02.370067172Z,2025-05-04T22:01:02.369613025Z,0,1,42005804,T,A,0,20154.000000000,2,0,14994,90147,NQM5
2025-05-04T22:01:02.370067172Z,2025-05-04T22:01:02.369613025Z,0,1,42005804,T,A,0,20153.000000000,1,0,14994,90147,NQM5
2025-05-04T22:01:02.808292453Z,2025-05-04T22:01:02.808018245Z,0,1,42005804,T,A,0,20153.250000000,1,0,14491,90833,NQM5
2025-05-04T22:01:02.870357081Z,2025-05-04T22:01:02.870060291Z,0,1,42005804,T,B,0,20156.250000000,1,0,14901,90879,NQM5
2025-05-04T22:01:02.876382014Z,2025-05-04T22:01:02.875132145Z,0,1,42005804,T,B,0,20157.500000000,1,0,13541,90977,NQM5
2025-05-04T22:01:02.895916593Z,2025-05-04T22:01:02.895089563Z,0,1,42005804,T,B,0,20162.250000000,2,0,14522,91509,NQM5
2025-05-04T22:01:02.895916593Z,2025-05-04T22:01:02.895089563Z,0,1,42005804,T,B,0,20162.500000000,1,0,14522,91509,NQM5
2025-05-04T22:01:02.895916593Z,2025-05-04T22:01:02.895089563Z,0,1,42005804,T,B,0,20162.750000000,2,0,14522,91509,NQM5
2025-05-04T22:01:02.895916593Z,2025-05-04T22:01:02.895089563Z,0,1,42005804,T,B,0,20163.250000000,2,0,14522,91509,NQM5
2025-05-04T22:01:02.895916593Z,2025-05-04T22:01:02.895089563Z,0,1,42005804,T,B,0,20165.000000000,1,0,14522,91509,NQM5
2025-05-04T22:01:02.895938126Z,2025-05-04T22:01:02.895089563Z,0,1,42005804,T,B,0,20165.250000000,1,0,15862,91510,NQM5
2025-05-04T22:01:02.895938126Z,2025-05-04T22:01:02.895089563Z,0,1,42005804,T,B,0,20165.250000000,1,0,15862,91510,NQM5
2025-05-04T22:01:02.895938126Z,2025-05-04T22:01:02.895089563Z,0,1,42005804,T,B,0,20165.500000000,1,0,15862,91510,NQM5
2025-05-04T22:01:02.961863263Z,2025-05-04T22:01:02.961410711Z,0,1,42005804,T,A,0,20160.000000000,1,0,11965,91796,NQM5
2025-05-04T22:01:03.036693800Z,2025-05-04T22:01:03.035913397Z,0,1,42005804,T,A,0,20160.750000000,3,0,13517,92470,NQM5
2025-05-04T22:01:03.291735421Z,2025-05-04T22:01:03.291446097Z,0,1,42005804,T,B,0,20159.250000000,1,0,14172,93788,NQM5
2025-05-04T22:01:03.468717594Z,2025-05-04T22:01:03.468415095Z,0,1,42005804,T,B,0,20159.000000000,1,0,14443,93962,NQM5
2025-05-04T22:01:04.805705303Z,2025-05-04T22:01:04.804905233Z,0,1,42005804,T,A,0,20155.750000000,1,0,13692,94991,NQM5
2025-05-04T22:01:04.856587002Z,2025-05-04T22:01:04.856323077Z,0,1,42005804,T,B,0,20157.000000000,1,0,13090,95073,NQM5
2025-05-04T22:01:04.856841803Z,2025-05-04T22:01:04.856596299Z,0,1,42005804,T,B,0,20157.250000000,1,0,14137,95076,NQM5
2025-05-04T22:01:04.857474349Z,2025-05-04T22:01:04.856995161Z,0,1,42005804,T,B,0,20157.250000000,1,0,14922,95115,NQM5
2025-05-04T22:01:05.169698295Z,2025-05-04T22:01:05.169337511Z,0,1,42005804,T,B,0,20159.750000000,1,0,14491,95802,NQM5
2025-05-04T22:01:05.169698295Z,2025-05-04T22:01:05.169337511Z,0,1,42005804,T,B,0,20161.750000000,1,0,14491,95802,NQM5
2025-05-04T22:01:05.169698295Z,2025-05-04T22:01:05.169337511Z,0,1,42005804,T,B,0,20162.000000000,1,0,14491,95802,NQM5
2025-05-04T22:01:05.328324555Z,2025-05-04T22:01:05.328051593Z,0,1,42005804,T,A,0,20156.750000000,1,0,13808,96135,NQM5
2025-05-04T22:01:05.355445445Z,2025-05-04T22:01:05.355163049Z,0,1,42005804,T,A,0,20156.250000000,1,0,15216,96200,NQM5
2025-05-04T22:01:06.180838018Z,2025-05-04T22:01:06.180580281Z,0,1,42005804,T,A,0,20159.000000000,1,0,14073,97392,NQM5
2025-05-04T22:01:07.323753327Z,2025-05-04T22:01:07.323475785Z,0,1,42005804,T,B,0,20159.000000000,2,0,14124,98073,NQM5
2025-05-04T22:01:07.323881000Z,2025-05-04T22:01:07.323480871Z,0,1,42005804,T,B,0,20159.000000000,2,0,13603,98075,NQM5
2025-05-04T22:01:07.707248446Z,2025-05-04T22:01:07.706993071Z,0,1,42005804,T,B,0,20160.000000000,1,0,13500,98220,NQM5
2025-05-04T22:01:07.973221979Z,2025-05-04T22:01:07.972918417Z,0,1,42005804,T,B,0,20161.750000000,1,0,15688,98316,NQM5
2025-05-04T22:01:08.217717909Z,2025-05-04T22:01:08.217440399Z,0,1,42005804,T,B,0,20162.500000000,3,0,13581,98662,NQM5
2025-05-04T22:01:09.038895489Z,2025-05-04T22:01:09.038533277Z,0,1,42005804,T,A,0,20163.750000000,1,0,14682,99425,NQM5
2025-05-04T22:01:09.096028143Z,2025-05-04T22:01:09.095736353Z,0,1,42005804,T,A,0,20163.750000000,1,0,13570,99451,NQM5
2025-05-04T22:01:09.952552055Z,2025-05-04T22:01:09.952267133Z,0,1,42005804,T,A,0,20161.500000000,1,0,13604,100777,NQM5
2025-05-04T22:01:09.994014958Z,2025-05-04T22:01:09.993757375Z,0,1,42005804,T,A,0,20160.000000000,1,0,13875,100817,NQM5
2025-05-04T22:01:10.229497408Z,2025-05-04T22:01:10.229205885Z,0,1,42005804,T,A,0,20164.250000000,2,0,14063,101074,NQM5
2025-05-04T22:01:10.303943674Z,2025-05-04T22:01:10.303646017Z,0,1,42005804,T,A,0,20162.250000000,1,0,14282,101180,NQM5
2025-05-04T22:01:10.308434608Z,2025-05-04T22:01:10.307934657Z,0,1,42005804,T,A,0,20162.000000000,1,0,11343,101203,NQM5
2025-05-04T22:01:11.048784133Z,2025-05-04T22:01:11.048313115Z,0,1,42005804,T,B,0,20162.000000000,1,0,13153,101737,NQM5
2025-05-04T22:01:11.048784133Z,2025-05-04T22:01:11.048313115Z,0,1,42005804,T,B,0,20162.250000000,1,0,13153,101737,NQM5
2025-05-04T22:01:12.235230433Z,2025-05-04T22:01:12.234855203Z,0,1,42005804,T,B,0,20163.500000000,1,0,13674,102961,NQM5
2025-05-04T22:01:12.371482292Z,2025-05-04T22:01:12.371074909Z,0,1,42005804,T,A,0,20162.500000000,1,0,14419,103065,NQM5
2025-05-04T22:01:12.371482292Z,2025-05-04T22:01:12.371074909Z,0,1,42005804,T,A,0,20162.250000000,3,0,14419,103065,NQM5
2025-05-04T22:01:12.371482292Z,2025-05-04T22:01:12.371074909Z,0,1,42005804,T,A,0,20161.000000000,1,0,14419,103065,NQM5
2025-05-04T22:01:13.213038520Z,2025-05-04T22:01:13.212588375Z,0,1,42005804,T,A,0,20162.750000000,1,0,15356,103300,NQM5
2025-05-04T22:01:13.213038520Z,2025-05-04T22:01:13.212588375Z,0,1,42005804,T,A,0,20162.500000000,1,0,15356,103300,NQM5
2025-05-04T22:01:13.213038520Z,2025-05-04T22:01:13.212588375Z,0,1,42005804,T,A,0,20160.750000000,1,0,15356,103300,NQM5
2025-05-04T22:01:13.213038520Z,2025-05-04T22:01:13.212588375Z,0,1,42005804,T,A,0,20160.250000000,1,0,15356,103300,NQM5
2025-05-04T22:01:14.092359589Z,2025-05-04T22:01:14.092049503Z,0,1,42005804,T,A,0,20160.750000000,1,0,17117,103824,NQM5
2025-05-04T22:01:15.822901978Z,2025-05-04T22:01:15.822602137Z,0,1,42005804,T,B,0,20163.500000000,1,0,16104,104146,NQM5
2025-05-04T22:01:15.848858757Z,2025-05-04T22:01:15.848563105Z,0,1,42005804,T,A,0,20161.000000000,1,0,14017,104803,NQM5
2025-05-04T22:01:16.623202483Z,2025-05-04T22:01:16.622918977Z,0,1,42005804,T,A,0,20160.750000000,1,0,14297,105049,NQM5
2025-05-04T22:01:17.360619195Z,2025-05-04T22:01:17.360228155Z,0,1,42005804,T,B,0,20161.500000000,1,0,14103,105243,NQM5
2025-05-04T22:01:17.360818096Z,2025-05-04T22:01:17.360541159Z,0,1,42005804,T,A,0,20160.500000000,1,0,14131,105246,NQM5
2025-05-04T22:01:17.805975192Z,2025-05-04T22:01:17.805480479Z,0,1,42005804,T,B,0,20162.750000000,1,0,13381,105461,NQM5
2025-05-04T22:01:17.805975192Z,2025-05-04T22:01:17.805480479Z,0,1,42005804,T,B,0,20163.000000000,1,0,13381,105461,NQM5
2025-05-04T22:01:18.925640035Z,2025-05-04T22:01:18.925330435Z,0,1,42005804,T,B,0,20163.750000000,1,0,17486,105762,NQM5
2025-05-04T22:01:18.937174817Z,2025-05-04T22:01:18.936891127Z,0,1,42005804,T,A,0,20161.750000000,1,0,13969,106110,NQM5
2025-05-04T22:01:20.729031344Z,2025-05-04T22:01:20.728639965Z,0,1,42005804,T,B,0,20163.250000000,1,0,13344,107579,NQM5
2025-05-04T22:01:21.003665617Z,2025-05-04T22:01:21.003235461Z,0,1,42005804,T,B,0,20166.000000000,2,0,13549,108981,NQM5
2025-05-04T22:01:21.004254174Z,2025-05-04T22:01:21.003685489Z,0,1,42005804,T,B,0,20166.250000000,1,0,13994,108997,NQM5
2025-05-04T22:01:23.774517284Z,2025-05-04T22:01:23.773969201Z,0,1,42005804,T,B,0,20169.500000000,1,0,13679,112527,NQM5
2025-05-04T22:01:24.091614943Z,2025-05-04T22:01:24.091174633Z,0,1,42005804,T,A,0,20167.750000000,2,0,13688,112717,NQM5
2025-05-04T22:01:24.356707948Z,2025-05-04T22:01:24.356445149Z,0,1,42005804,T,A,0,20166.500000000,1,0,15113,112809,NQM5
2025-05-04T22:01:24.757904064Z,2025-05-04T22:01:24.757595587Z,0,1,42005804,T,B,0,20169.750000000,1,0,12876,112880,NQM5
2025-05-04T22:01:25.692545781Z,2025-05-04T22:01:25.692250387Z,0,1,42005804,T,A,0,20169.000000000,1,0,18362,113502,NQM5
2025-05-04T22:01:28.083701359Z,2025-05-04T22:01:28.083382885Z,0,1,42005804,T,A,0,20166.000000000,1,0,15147,114174,NQM5
2025-05-04T22:01:30.002952991Z,2025-05-04T22:01:30.001539533Z,0,1,42005804,T,A,0,20167.250000000,1,0,14372,114704,NQM5
2025-05-04T22:01:30.265818735Z,2025-05-04T22:01:30.265546307Z,0,1,42005804,T,A,0,20167.250000000,1,0,15104,114752,NQM5
2025-05-04T22:01:30.269747592Z,2025-05-04T22:01:30.269442329Z,0,1,42005804,T,A,0,20166.250000000,1,0,12181,114874,NQM5
2025-05-04T22:01:30.361036360Z,2025-05-04T22:01:30.360566315Z,0,1,42005804,T,A,0,20164.000000000,1,0,13974,115661,NQM5
2025-05-04T22:01:30.361497520Z,2025-05-04T22:01:30.361041569Z,0,1,42005804,T,A,0,20164.000000000,1,0,14117,115674,NQM5
2025-05-04T22:01:30.362613558Z,2025-05-04T22:01:30.361936981Z,0,1,42005804,T,A,0,20164.250000000,1,0,14101,115731,NQM5
2025-05-04T22:01:30.561289597Z,2025-05-04T22:01:30.560998839Z,0,1,42005804,T,B,0,20167.250000000,2,0,13728,115921,NQM5
2025-05-04T22:01:30.862775299Z,2025-05-04T22:01:30.862044287Z,0,1,42005804,T,A,0,20164.000000000,1,0,13910,116790,NQM5
2025-05-04T22:01:30.863599925Z,2025-05-04T22:01:30.862990573Z,0,1,42005804,T,A,0,20163.750000000,2,0,14101,116812,NQM5
2025-05-04T22:01:30.864945352Z,2025-05-04T22:01:30.864179461Z,0,1,42005804,T,A,0,20163.750000000,1,0,14013,116907,NQM5
2025-05-04T22:01:30.865968282Z,2025-05-04T22:01:30.865478149Z,0,1,42005804,T,A,0,20163.750000000,1,0,14192,116982,NQM5
2025-05-04T22:01:30.998412504Z,2025-05-04T22:01:30.998155809Z,0,1,42005804,T,A,0,20160.250000000,1,0,13988,117140,NQM5
2025-05-04T22:01:31.112459360Z,2025-05-04T22:01:31.111811183Z,0,1,42005804,T,A,0,20160.000000000,1,0,14316,118190,NQM5
2025-05-04T22:01:31.592602457Z,2025-05-04T22:01:31.592346149Z,0,1,42005804,T,B,0,20157.750000000,1,0,14299,119146,NQM5
2025-05-04T22:01:31.698574202Z,2025-05-04T22:01:31.698307569Z,0,1,42005804,T,A,0,20154.000000000,1,0,14397,119515,NQM5
2025-05-04T22:01:31.756778521Z,2025-05-04T22:01:31.756342587Z,0,1,42005804,T,B,0,20155.500000000,1,0,13068,119657,NQM5
2025-05-04T22:01:32.543498874Z,2025-05-04T22:01:32.543240583Z,0,1,42005804,T,B,0,20157.250000000,1,0,14272,120248,NQM5
2025-05-04T22:01:33.337785595Z,2025-05-04T22:01:33.337311013Z,0,1,42005804,T,B,0,20155.000000000,1,0,14465,122106,NQM5
2025-05-04T22:01:33.338197244Z,2025-05-04T22:01:33.337802375Z,0,1,42005804,T,B,0,20155.500000000,1,0,13646,122117,NQM5
2025-05-04T22:01:34.589356148Z,2025-05-04T22:01:34.588773285Z,0,1,42005804,T,B,0,20158.000000000,1,0,16251,122605,NQM5
2025-05-04T22:01:35.139830694Z,2025-05-04T22:01:35.139559357Z,0,1,42005804,T,A,0,20158.250000000,1,0,14591,125654,NQM5
2025-05-04T22:01:35.282834328Z,2025-05-04T22:01:35.282569855Z,0,1,42005804,T,A,0,20156.750000000,1,0,16102,125781,NQM5
2025-05-04T22:01:35.293907029Z,2025-05-04T22:01:35.293510133Z,0,1,42005804,T,B,0,20157.500000000,1,0,13866,125940,NQM5
2025-05-04T22:01:35.294413567Z,2025-05-04T22:01:35.293958305Z,0,1,42005804,T,B,0,20158.000000000,1,0,16247,125982,NQM5
2025-05-04T22:01:35.865048822Z,2025-05-04T22:01:35.864784941Z,0,1,42005804,T,A,0,20156.000000000,1,0,14401,126625,NQM5
2025-05-04T22:01:35.866817295Z,2025-05-04T22:01:35.866537821Z,0,1,42005804,T,A,0,20155.750000000,3,0,13664,126628,NQM5
2025-05-04T22:01:35.868624772Z,2025-05-04T22:01:35.868226347Z,0,1,42005804,T,A,0,20153.750000000,1,0,14383,126719,NQM5
2025-05-04T22:01:36.002122503Z,2025-05-04T22:01:36.001864673Z,0,1,42005804,T,A,0,20153.500000000,2,0,13317,126908,NQM5
2025-05-04T22:01:36.004392207Z,2025-05-04T22:01:36.003980147Z,0,1,42005804,T,A,0,20153.000000000,1,0,14173,127029,NQM5
2025-05-04T22:01:36.035080749Z,2025-05-04T22:01:36.034834705Z,0,1,42005804,T,A,0,20153.000000000,1,0,13691,127705,NQM5
2025-05-04T22:01:36.044149720Z,2025-05-04T22:01:36.043765469Z,0,1,42005804,T,A,0,20152.750000000,1,0,14140,127885,NQM5
2025-05-04T22:01:36.044149720Z,2025-05-04T22:01:36.043765469Z,0,1,42005804,T,A,0,20152.000000000,2,0,14140,127885,NQM5
2025-05-04T22:01:36.044149720Z,2025-05-04T22:01:36.043765469Z,0,1,42005804,T,A,0,20151.250000000,1,0,14140,127885,NQM5
2025-05-04T22:01:36.044537985Z,2025-05-04T22:01:36.044169937Z,0,1,42005804,T,B,0,20151.250000000,1,0,12915,127901,NQM5
2025-05-04T22:01:36.059690724Z,2025-05-04T22:01:36.059428925Z,0,1,42005804,T,B,0,20152.250000000,1,0,13736,128174,NQM5
2025-05-04T22:01:36.059978616Z,2025-05-04T22:01:36.059707177Z,0,1,42005804,T,B,0,20152.500000000,2,0,14029,128179,NQM5
2025-05-04T22:01:36.115184661Z,2025-05-04T22:01:36.114950811Z,0,1,42005804,T,A,0,20151.000000000,1,0,14351,129037,NQM5
2025-05-04T22:01:36.138359568Z,2025-05-04T22:01:36.138111471Z,0,1,42005804,T,A,0,20150.750000000,1,0,14343,129047,NQM5
2025-05-04T22:01:36.139667572Z,2025-05-04T22:01:36.139389653Z,0,1,42005804,T,A,0,20150.500000000,1,0,14259,129056,NQM5
2025-05-04T22:01:36.579207341Z,2025-05-04T22:01:36.578921511Z,0,1,42005804,T,A,0,20150.000000000,1,0,18043,129203,NQM5
2025-05-04T22:01:36.580533046Z,2025-05-04T22:01:36.580236269Z,0,1,42005804,T,A,0,20150.000000000,9,0,16437,129209,NQM5
2025-05-04T22:01:36.581156891Z,2025-05-04T22:01:36.580561617Z,0,1,42005804,T,B,0,20149.750000000,1,0,13617,129226,NQM5
2025-05-04T22:01:36.589425051Z,2025-05-04T22:01:36.589194237Z,0,1,42005804,T,A,0,20149.000000000,1,0,13843,129582,NQM5
2025-05-04T22:01:36.594051569Z,2025-05-04T22:01:36.593805985Z,0,1,42005804,T,A,0,20149.000000000,1,0,14277,129606,NQM5
2025-05-04T22:01:36.601078137Z,2025-05-04T22:01:36.600841697Z,0,1,42005804,T,A,0,20149.000000000,1,0,14620,129628,NQM5
2025-05-04T22:01:36.601421215Z,2025-05-04T22:01:36.601087061Z,0,1,42005804,T,A,0,20148.750000000,1,0,12117,129634,NQM5
2025-05-04T22:01:36.601815248Z,2025-05-04T22:01:36.601454149Z,0,1,42005804,T,A,0,20148.500000000,1,0,14647,129657,NQM5
2025-05-04T22:01:36.602170160Z,2025-05-04T22:01:36.601849191Z,0,1,42005804,T,A,0,20148.000000000,1,0,13694,129671,NQM5
2025-05-04T22:01:36.602378799Z,2025-05-04T22:01:36.601997523Z,0,1,42005804,T,A,0,20148.000000000,6,0,13970,129675,NQM5
2025-05-04T22:01:36.604015866Z,2025-05-04T22:01:36.603221199Z,0,1,42005804,T,B,0,20147.000000000,1,0,13733,129771,NQM5
2025-05-04T22:01:36.604885297Z,2025-05-04T22:01:36.603849489Z,0,1,42005804,T,A,0,20146.500000000,1,0,14139,129801,NQM5
2025-05-04T22:01:36.619086488Z,2025-05-04T22:01:36.618854089Z,0,1,42005804,T,A,0,20146.250000000,1,0,13541,130077,NQM5
2025-05-04T22:01:36.635261551Z,2025-05-04T22:01:36.635021427Z,0,1,42005804,T,A,0,20144.750000000,1,0,13908,130370,NQM5
2025-05-04T22:01:36.643677727Z,2025-05-04T22:01:36.643433161Z,0,1,42008487,T,A,0,20342.500000000,1,0,13661,130454,NQU5
2025-05-04T22:01:36.644515856Z,2025-05-04T22:01:36.643664357Z,0,1,42009338,T,B,0,197.950000000,1,0,14392,130477,NQM5-NQU5
2025-05-04T22:01:36.657426614Z,2025-05-04T22:01:36.657188973Z,0,1,42005804,T,A,0,20143.750000000,1,0,13909,130656,NQM5
2025-05-04T22:01:36.666323502Z,2025-05-04T22:01:36.666064845Z,0,1,42005804,T,A,0,20142.000000000,1,0,17324,130781,NQM5
2025-05-04T22:01:36.741635250Z,2025-05-04T22:01:36.741067073Z,0,1,42005804,T,B,0,20154.750000000,2,0,16687,130938,NQM5
2025-05-04T22:01:36.741635250Z,2025-05-04T22:01:36.741067073Z,0,1,42005804,T,B,0,20155.000000000,1,0,16687,130938,NQM5
2025-05-04T22:01:36.741635250Z,2025-05-04T22:01:36.741067073Z,0,1,42005804,T,B,0,20155.750000000,1,0,16687,130938,NQM5
2025-05-04T22:01:36.741635250Z,2025-05-04T22:01:36.741067073Z,0,1,42005804,T,B,0,20157.750000000,1,0,16687,130938,NQM5
2025-05-04T22:01:36.741635250Z,2025-05-04T22:01:36.741067073Z,0,1,42005804,T,B,0,20158.250000000,1,0,16687,130938,NQM5
2025-05-04T22:01:36.741635250Z,2025-05-04T22:01:36.741067073Z,0,1,42005804,T,B,0,20158.500000000,1,0,16687,130938,NQM5
2025-05-04T22:01:36.741635250Z,2025-05-04T22:01:36.741067073Z,0,1,42005804,T,B,0,20158.750000000,1,0,16687,130938,NQM5
2025-05-04T22:01:36.741635250Z,2025-05-04T22:01:36.741067073Z,0,1,42005804,T,B,0,20159.250000000,2,0,16687,130938,NQM5
2025-05-04T22:01:36.742213286Z,2025-05-04T22:01:36.741638577Z,0,1,42008487,T,B,0,20346.500000000,1,0,12866,130944,NQU5
2025-05-04T22:01:36.744506090Z,2025-05-04T22:01:36.742200819Z,0,1,42009338,T,B,0,198.950000000,1,0,14729,131009,NQM5-NQU5
2025-05-04T22:01:36.745404242Z,2025-05-04T22:01:36.742676535Z,0,1,42005804,T,A,0,20142.750000000,1,0,13075,131031,NQM5
2025-05-04T22:01:36.787727738Z,2025-05-04T22:01:36.787466609Z,0,1,42005804,T,A,0,20145.000000000,1,0,16242,131223,NQM5
2025-05-04T22:01:36.830143510Z,2025-05-04T22:01:36.829599577Z,0,1,42005804,T,B,0,20154.750000000,2,0,16723,131264,NQM5
2025-05-04T22:01:36.830143510Z,2025-05-04T22:01:36.829599577Z,0,1,42005804,T,B,0,20155.000000000,1,0,16723,131264,NQM5
2025-05-04T22:01:36.830143510Z,2025-05-04T22:01:36.829599577Z,0,1,42005804,T,B,0,20158.500000000,1,0,16723,131264,NQM5
2025-05-04T22:01:36.830143510Z,2025-05-04T22:01:36.829599577Z,0,1,42005804,T,B,0,20158.750000000,1,0,16723,131264,NQM5
2025-05-04T22:01:36.830143510Z,2025-05-04T22:01:36.829599577Z,0,1,42005804,T,B,0,20159.250000000,1,0,16723,131264,NQM5
2025-05-04T22:01:36.830143510Z,2025-05-04T22:01:36.829599577Z,0,1,42005804,T,B,0,20159.500000000,2,0,16723,131264,NQM5
2025-05-04T22:01:36.830143510Z,2025-05-04T22:01:36.829599577Z,0,1,42005804,T,B,0,20159.750000000,1,0,16723,131264,NQM5
2025-05-04T22:01:36.830143510Z,2025-05-04T22:01:36.829599577Z,0,1,42005804,T,B,0,20160.000000000,1,0,16723,131264,NQM5
2025-05-04T22:01:36.830711178Z,2025-05-04T22:01:36.830152281Z,0,1,42008487,T,B,0,20349.250000000,1,0,11169,131274,NQU5
2025-05-04T22:01:36.831386807Z,2025-05-04T22:01:36.830232593Z,0,1,42005804,T,B,0,20159.750000000,2,0,11955,131288,NQM5
2025-05-04T22:01:36.831386807Z,2025-05-04T22:01:36.830232593Z,0,1,42005804,T,B,0,20160.000000000,1,0,11955,131288,NQM5
2025-05-04T22:01:36.832213684Z,2025-05-04T22:01:36.830705737Z,0,1,42009338,T,B,0,199.000000000,1,0,14468,131322,NQM5-NQU5
2025-05-04T22:01:36.832661335Z,2025-05-04T22:01:36.831169183Z,0,1,42005804,T,A,0,20147.500000000,1,0,13816,131338,NQM5
2025-05-04T22:01:36.835508292Z,2025-05-04T22:01:36.835189651Z,0,1,42005804,T,B,0,20151.250000000,1,0,13723,131546,NQM5
2025-05-04T22:01:36.957507496Z,2025-05-04T22:01:36.957172747Z,0,1,42005804,T,A,0,20149.000000000,2,0,14567,131928,NQM5
2025-05-04T22:01:36.957507496Z,2025-05-04T22:01:36.957172747Z,0,1,42005804,T,A,0,20148.750000000,1,0,14567,131928,NQM5
2025-05-04T22:01:37.004524335Z,2025-05-04T22:01:37.004264121Z,0,1,42005804,T,A,0,20151.000000000,1,0,13699,132052,NQM5
2025-05-04T22:01:37.018706061Z,2025-05-04T22:01:37.018191209Z,0,1,42005804,T,A,0,20152.250000000,1,0,13989,132934,NQM5
2025-05-04T22:01:37.031130043Z,2025-05-04T22:01:37.030824717Z,0,1,42005804,T,A,0,20150.000000000,1,0,14486,133217,NQM5
2025-05-04T22:01:37.038406116Z,2025-05-04T22:01:37.038022085Z,0,1,42005804,T,B,0,20152.000000000,1,0,14276,133686,NQM5
2025-05-04T22:01:37.038950914Z,2025-05-04T22:01:37.038606797Z,0,1,42005804,T,A,0,20151.500000000,1,0,14577,133723,NQM5
2025-05-04T22:01:37.154082714Z,2025-05-04T22:01:37.153818279Z,0,1,42005804,T,A,0,20148.000000000,2,0,14555,133860,NQM5
2025-05-04T22:01:37.159639869Z,2025-05-04T22:01:37.159413231Z,0,1,42005804,T,A,0,20148.000000000,1,0,14288,133975,NQM5
2025-05-04T22:01:37.266439699Z,2025-05-04T22:01:37.266171047Z,0,1,42005804,T,A,0,20147.750000000,1,0,14062,134078,NQM5
2025-05-04T22:01:37.268395109Z,2025-05-04T22:01:37.268166779Z,0,1,42005804,T,A,0,20147.500000000,1,0,15070,134115,NQM5
2025-05-04T22:01:37.340864195Z,2025-05-04T22:01:37.340583957Z,0,1,42005804,T,A,0,20146.000000000,1,0,14096,134545,NQM5
2025-05-04T22:01:37.344794397Z,2025-05-04T22:01:37.344531737Z,0,1,42005804,T,A,0,20144.250000000,1,0,13261,134660,NQM5
2025-05-04T22:01:37.345217857Z,2025-05-04T22:01:37.344821087Z,0,1,42005804,T,B,0,20144.000000000,1,0,12375,134676,NQM5
2025-05-04T22:01:37.356718611Z,2025-05-04T22:01:37.356461309Z,0,1,42005804,T,A,0,20141.500000000,1,0,14573,135131,NQM5
2025-05-04T22:01:37.361232780Z,2025-05-04T22:01:37.360859313Z,0,1,42005804,T,B,0,20141.750000000,1,0,16047,135203,NQM5
2025-05-04T22:01:37.361538064Z,2025-05-04T22:01:37.360982129Z,0,1,42005804,T,A,0,20141.500000000,1,0,13916,135223,NQM5
2025-05-04T22:01:37.368031930Z,2025-05-04T22:01:37.367711039Z,0,1,42005804,T,A,0,20141.250000000,1,0,13407,135371,NQM5
2025-05-04T22:01:37.368031930Z,2025-05-04T22:01:37.367711039Z,0,1,42005804,T,A,0,20140.000000000,1,0,13407,135371,NQM5
2025-05-04T22:01:37.368130505Z,2025-05-04T22:01:37.367737631Z,0,1,42005804,T,A,0,20140.000000000,1,0,13475,135373,NQM5
2025-05-04T22:01:37.383662356Z,2025-05-04T22:01:37.383404427Z,0,1,42005804,T,A,0,20139.500000000,1,0,14110,135558,NQM5
2025-05-04T22:01:37.404958811Z,2025-05-04T22:01:37.404738963Z,0,1,42005804,T,A,0,20139.250000000,1,0,14088,135611,NQM5
2025-05-04T22:01:37.408217371Z,2025-05-04T22:01:37.407840217Z,0,1,42005804,T,B,0,20140.750000000,1,0,14156,135698,NQM5
2025-05-04T22:01:37.408326183Z,2025-05-04T22:01:37.407867307Z,0,1,42005804,T,A,0,20140.250000000,3,0,12967,135700,NQM5
2025-05-04T22:01:37.411396623Z,2025-05-04T22:01:37.411144251Z,0,1,42005804,T,A,0,20139.500000000,1,0,13840,135766,NQM5
2025-05-04T22:01:37.446330669Z,2025-05-04T22:01:37.446093021Z,0,1,42005804,T,B,0,20142.500000000,1,0,14751,135847,NQM5
2025-05-04T22:01:37.497023080Z,2025-05-04T22:01:37.496469599Z,0,1,42005804,T,B,0,20142.500000000,1,0,15554,135910,NQM5
2025-05-04T22:01:37.497023080Z,2025-05-04T22:01:37.496469599Z,0,1,42005804,T,B,0,20142.750000000,1,0,15554,135910,NQM5
2025-05-04T22:01:37.497023080Z,2025-05-04T22:01:37.496469599Z,0,1,42005804,T,B,0,20149.500000000,1,0,15554,135910,NQM5
2025-05-04T22:01:37.497023080Z,2025-05-04T22:01:37.496469599Z,0,1,42005804,T,B,0,20150.000000000,2,0,15554,135910,NQM5
2025-05-04T22:01:37.497023080Z,2025-05-04T22:01:37.496469599Z,0,1,42005804,T,B,0,20150.250000000,1,0,15554,135910,NQM5
2025-05-04T22:01:37.497023080Z,2025-05-04T22:01:37.496469599Z,0,1,42005804,T,B,0,20151.000000000,1,0,15554,135910,NQM5
2025-05-04T22:01:37.497023080Z,2025-05-04T22:01:37.496469599Z,0,1,42005804,T,B,0,20151.500000000,1,0,15554,135910,NQM5
2025-05-04T22:01:37.497023080Z,2025-05-04T22:01:37.496469599Z,0,1,42005804,T,B,0,20151.750000000,1,0,15554,135910,NQM5
2025-05-04T22:01:37.497023080Z,2025-05-04T22:01:37.496469599Z,0,1,42005804,T,B,0,20152.250000000,1,0,15554,135910,NQM5
2025-05-04T22:01:37.498270308Z,2025-05-04T22:01:37.497042829Z,0,1,42009338,T,B,0,199.250000000,1,0,14312,135926,NQM5-NQU5
2025-05-04T22:01:37.500062304Z,2025-05-04T22:01:37.498062707Z,0,1,42009338,T,A,0,195.300000000,1,0,14300,136028,NQM5-NQU5
2025-05-04T22:01:37.663071149Z,2025-05-04T22:01:37.662784231Z,0,1,42005804,T,A,0,20143.250000000,1,0,13627,136520,NQM5
2025-05-04T22:01:37.665976224Z,2025-05-04T22:01:37.665628661Z,0,1,42005804,T,B,0,20146.250000000,1,0,14217,136642,NQM5
2025-05-04T22:01:37.701147604Z,2025-05-04T22:01:37.700842223Z,0,1,42005804,T,B,0,20145.500000000,1,0,13193,136791,NQM5
2025-05-04T22:01:37.701736390Z,2025-05-04T22:01:37.701217455Z,0,1,42005804,T,B,0,20147.000000000,1,0,13447,136827,NQM5
2025-05-04T22:01:37.754945387Z,2025-05-04T22:01:37.754682171Z,0,1,42005804,T,B,0,20154.750000000,1,0,14046,137145,NQM5
2025-05-04T22:01:37.755209465Z,2025-05-04T22:01:37.754948791Z,0,1,42008487,T,B,0,20349.750000000,1,0,14337,137149,NQU5
2025-05-04T22:01:37.755829746Z,2025-05-04T22:01:37.755201855Z,0,1,42009338,T,B,0,199.250000000,1,0,14512,137155,NQM5-NQU5
2025-05-04T22:01:38.001894629Z,2025-05-04T22:01:38.001660065Z,0,1,42005804,T,A,0,20149.500000000,1,0,13956,137449,NQM5
2025-05-04T22:01:38.003279298Z,2025-05-04T22:01:38.002915035Z,0,1,42005804,T,B,0,20149.250000000,1,0,13757,137498,NQM5
2025-05-04T22:01:38.003504287Z,2025-05-04T22:01:38.003178427Z,0,1,42005804,T,B,0,20149.250000000,1,0,14055,137509,NQM5
2025-05-04T22:01:38.012799746Z,2025-05-04T22:01:38.012569913Z,0,1,42005804,T,A,0,20149.250000000,1,0,14221,137918,NQM5
2025-05-04T22:01:38.013375324Z,2025-05-04T22:01:38.013050103Z,0,1,42005804,T,A,0,20150.000000000,1,0,13903,137946,NQM5
2025-05-04T22:01:38.013837428Z,2025-05-04T22:01:38.013573221Z,0,1,42005804,T,A,0,20150.250000000,1,0,13885,137954,NQM5
2025-05-04T22:01:38.015126202Z,2025-05-04T22:01:38.014906465Z,0,1,42005804,T,A,0,20149.000000000,1,0,13978,137989,NQM5
2025-05-04T22:01:38.016973989Z,2025-05-04T22:01:38.016745685Z,0,1,42005804,T,A,0,20149.000000000,1,0,13888,138012,NQM5
2025-05-04T22:01:38.018704909Z,2025-05-04T22:01:38.018485837Z,0,1,42005804,T,A,0,20148.750000000,1,0,14046,138052,NQM5
2025-05-04T22:01:38.020737221Z,2025-05-04T22:01:38.020486615Z,0,1,42005804,T,A,0,20146.750000000,1,0,13738,138088,NQM5
2025-05-04T22:01:38.022976422Z,2025-05-04T22:01:38.022726157Z,0,1,42005804,T,A,0,20146.500000000,1,0,14295,138159,NQM5
2025-05-04T22:01:38.024878742Z,2025-05-04T22:01:38.024512117Z,0,1,42005804,T,A,0,20145.500000000,1,0,14007,138318,NQM5
2025-05-04T22:01:38.032060998Z,2025-05-04T22:01:38.031822549Z,0,1,42005804,T,A,0,20144.500000000,1,0,13880,138524,NQM5
2025-05-04T22:01:38.040157764Z,2025-05-04T22:01:38.039918345Z,0,1,42005804,T,A,0,20142.500000000,1,0,14021,138646,NQM5
2025-05-04T22:01:38.041984248Z,2025-05-04T22:01:38.041751611Z,0,1,42005804,T,A,0,20139.750000000,1,0,13857,138733,NQM5
2025-05-04T22:01:38.043893173Z,2025-05-04T22:01:38.043622259Z,0,1,42005804,T,A,0,20141.000000000,1,0,13922,138822,NQM5
2025-05-04T22:01:38.044796482Z,2025-05-04T22:01:38.044518167Z,0,1,42005804,T,A,0,20140.750000000,1,0,13870,138862,NQM5
2025-05-04T22:01:38.046917957Z,2025-05-04T22:01:38.046667203Z,0,1,42005804,T,A,0,20139.250000000,1,0,14169,138967,NQM5
2025-05-04T22:01:38.048812168Z,2025-05-04T22:01:38.048413249Z,0,1,42005804,T,A,0,20139.000000000,1,0,14103,139007,NQM5
2025-05-04T22:01:38.048823972Z,2025-05-04T22:01:38.048413249Z,0,1,42005804,T,A,0,20138.250000000,1,0,12148,139008,NQM5
2025-05-04T22:01:38.048823972Z,2025-05-04T22:01:38.048413249Z,0,1,42005804,T,A,0,20138.000000000,1,0,12148,139008,NQM5
2025-05-04T22:01:38.048823972Z,2025-05-04T22:01:38.048413249Z,0,1,42005804,T,A,0,20136.500000000,2,0,12148,139008,NQM5
2025-05-04T22:01:38.050916392Z,2025-05-04T22:01:38.050603677Z,0,1,42005804,T,A,0,20138.000000000,1,0,14192,139136,NQM5
2025-05-04T22:01:38.051053926Z,2025-05-04T22:01:38.050658259Z,0,1,42005804,T,A,0,20135.250000000,1,0,13959,139138,NQM5
2025-05-04T22:01:38.057441352Z,2025-05-04T22:01:38.057047729Z,0,1,42005804,T,A,0,20136.750000000,2,0,10567,139379,NQM5
2025-05-04T22:01:38.057501391Z,2025-05-04T22:01:38.057050801Z,0,1,42005804,T,B,0,20138.250000000,1,0,12958,139381,NQM5
2025-05-04T22:01:38.101580283Z,2025-05-04T22:01:38.101327279Z,0,1,42005804,T,A,0,20136.750000000,2,0,13521,140014,NQM5
2025-05-04T22:01:38.102216038Z,2025-05-04T22:01:38.101875549Z,0,1,42005804,T,A,0,20138.000000000,1,0,14109,140041,NQM5
2025-05-04T22:01:38.102322531Z,2025-05-04T22:01:38.101876393Z,0,1,42005804,T,A,0,20138.000000000,2,0,19244,140043,NQM5
2025-05-04T22:01:38.102384060Z,2025-05-04T22:01:38.101881345Z,0,1,42005804,T,B,0,20138.250000000,1,0,11850,140045,NQM5
2025-05-04T22:01:38.102472744Z,2025-05-04T22:01:38.101883343Z,0,1,42005804,T,B,0,20138.250000000,1,0,14166,140047,NQM5
2025-05-04T22:01:38.103144847Z,2025-05-04T22:01:38.102873999Z,0,1,42005804,T,B,0,20138.000000000,1,0,14138,140063,NQM5
2025-05-04T22:01:38.103852076Z,2025-05-04T22:01:38.103475009Z,0,1,42005804,T,B,0,20138.250000000,2,0,14058,140104,NQM5
2025-05-04T22:01:38.103852076Z,2025-05-04T22:01:38.103475009Z,0,1,42005804,T,B,0,20138.500000000,1,0,14058,140104,NQM5
2025-05-04T22:01:38.391775748Z,2025-05-04T22:01:38.391518229Z,0,1,42005804,T,B,0,20141.000000000,1,0,14208,140703,NQM5
2025-05-04T22:01:38.769852652Z,2025-05-04T22:01:38.769333441Z,0,1,42005804,T,B,0,20137.500000000,1,0,14739,140974,NQM5
2025-05-04T22:01:38.771482332Z,2025-05-04T22:01:38.771188525Z,0,1,42005804,T,A,0,20140.000000000,2,0,14676,141067,NQM5
2025-05-04T22:01:38.771564250Z,2025-05-04T22:01:38.771193333Z,0,1,42005804,T,B,0,20141.000000000,1,0,11909,141069,NQM5
2025-05-04T22:01:38.794067199Z,2025-05-04T22:01:38.793780507Z,0,1,42005804,T,A,0,20138.000000000,1,0,14413,141186,NQM5
2025-05-04T22:01:39.113845873Z,2025-05-04T22:01:39.113590337Z,0,1,42005804,T,B,0,20142.750000000,1,0,13009,141545,NQM5
2025-05-04T22:01:39.339919811Z,2025-05-04T22:01:39.339618771Z,0,1,42005804,T,A,0,20140.500000000,1,0,13409,141754,NQM5
2025-05-04T22:01:39.638479147Z,2025-05-04T22:01:39.638225583Z,0,1,42005804,T,B,0,20142.000000000,1,0,14240,142869,NQM5
2025-05-04T22:01:40.049499424Z,2025-05-04T22:01:40.049257855Z,0,1,42005804,T,B,0,20142.500000000,1,0,14233,143294,NQM5
2025-05-04T22:01:40.399917493Z,2025-05-04T22:01:40.399684945Z,0,1,42005804,T,B,0,20141.500000000,1,0,14035,143458,NQM5
2025-05-04T22:01:40.400237771Z,2025-05-04T22:01:40.399926411Z,0,1,42005804,T,B,0,20142.000000000,1,0,12266,143462,NQM5
2025-05-04T22:01:40.895703989Z,2025-05-04T22:01:40.895431383Z,0,1,42005804,T,B,0,20146.500000000,1,0,13078,143867,NQM5
2025-05-04T22:01:40.922666529Z,2025-05-04T22:01:40.922328635Z,0,1,42005804,T,B,0,20146.000000000,1,0,13597,144306,NQM5
2025-05-04T22:01:41.289992007Z,2025-05-04T22:01:41.289618397Z,0,1,42005804,T,A,0,20146.000000000,1,0,13792,144611,NQM5
2025-05-04T22:01:41.289992007Z,2025-05-04T22:01:41.289618397Z,0,1,42005804,T,A,0,20145.750000000,1,0,13792,144611,NQM5
2025-05-04T22:01:41.289992007Z,2025-05-04T22:01:41.289618397Z,0,1,42005804,T,A,0,20144.500000000,1,0,13792,144611,NQM5
2025-05-04T22:01:41.840754070Z,2025-05-04T22:01:41.840470349Z,0,1,42005804,T,B,0,20148.750000000,1,0,14309,145781,NQM5
2025-05-04T22:01:42.003886904Z,2025-05-04T22:01:42.003587733Z,0,1,42005804,T,B,0,20148.750000000,1,0,13928,145879,NQM5
2025-05-04T22:01:42.006003278Z,2025-05-04T22:01:42.005338195Z,0,1,42005804,T,B,0,20149.500000000,1,0,13469,146032,NQM5
2025-05-04T22:01:42.025606013Z,2025-05-04T22:01:42.025327483Z,0,1,42005804,T,A,0,20149.000000000,1,0,14312,146292,NQM5
2025-05-04T22:01:42.196558314Z,2025-05-04T22:01:42.196284349Z,0,1,42005804,T,A,0,20148.250000000,1,0,15785,146468,NQM5
2025-05-04T22:01:42.534936272Z,2025-05-04T22:01:42.534676023Z,0,1,42005804,T,B,0,20152.250000000,1,0,14128,147832,NQM5
2025-05-04T22:01:42.806170550Z,2025-05-04T22:01:42.805918509Z,0,1,42005804,T,B,0,20152.250000000,1,0,13593,147943,NQM5
2025-05-04T22:01:42.819369532Z,2025-05-04T22:01:42.819089823Z,0,1,42005804,T,B,0,20152.500000000,1,0,17546,148027,NQM5
2025-05-04T22:01:43.212844632Z,2025-05-04T22:01:43.212501115Z,0,1,42005804,T,B,0,20150.500000000,1,0,14007,148293,NQM5
2025-05-04T22:01:43.213432835Z,2025-05-04T22:01:43.212985663Z,0,1,42005804,T,B,0,20151.000000000,1,0,14069,148318,NQM5
2025-05-04T22:01:43.296996229Z,2025-05-04T22:01:43.296722361Z,0,1,42005804,T,B,0,20153.250000000,1,0,13743,148462,NQM5
2025-05-04T22:01:43.314777592Z,2025-05-04T22:01:43.314499487Z,0,1,42005804,T,A,0,20149.750000000,1,0,16197,148595,NQM5
2025-05-04T22:01:43.919686909Z,2025-05-04T22:01:43.919432969Z,0,1,42005804,T,A,0,20148.750000000,1,0,14739,149295,NQM5
2025-05-04T22:01:45.002240487Z,2025-05-04T22:01:45.001817423Z,0,1,42005804,T,B,0,20152.750000000,1,0,10759,150414,NQM5
2025-05-04T22:01:45.003407839Z,2025-05-04T22:01:45.001999807Z,0,1,42005804,T,B,0,20153.000000000,1,0,12458,150443,NQM5
2025-05-04T22:01:45.005928527Z,2025-05-04T22:01:45.004930535Z,0,1,42005804,T,B,0,20152.750000000,1,0,11840,150612,NQM5
2025-05-04T22:01:45.006912591Z,2025-05-04T22:01:45.005775911Z,0,1,42005804,T,A,0,20152.500000000,3,0,13107,150684,NQM5
2025-05-04T22:01:45.007646706Z,2025-05-04T22:01:45.006620441Z,0,1,42005804,T,A,0,20152.500000000,2,0,12429,150712,NQM5
2025-05-04T22:01:45.147550302Z,2025-05-04T22:01:45.147278411Z,0,1,42005804,T,B,0,20149.750000000,1,0,14336,150990,NQM5
2025-05-04T22:01:45.635608403Z,2025-05-04T22:01:45.635319275Z,0,1,42005804,T,B,0,20153.250000000,1,0,21372,151285,NQM5
2025-05-04T22:01:45.827923641Z,2025-05-04T22:01:45.827652873Z,0,1,42005804,T,B,0,20149.500000000,1,0,14454,151366,NQM5
2025-05-04T22:01:45.828699442Z,2025-05-04T22:01:45.828464057Z,0,1,42005804,T,B,0,20149.500000000,1,0,11441,151395,NQM5
2025-05-04T22:01:47.511352177Z,2025-05-04T22:01:47.511107655Z,0,1,42005804,T,A,0,20153.000000000,1,0,14060,152043,NQM5
2025-05-04T22:01:49.301843041Z,2025-05-04T22:01:49.301508155Z,0,1,42005804,T,A,0,20148.250000000,2,0,14310,152384,NQM5
2025-05-04T22:01:49.302572887Z,2025-05-04T22:01:49.302259647Z,0,1,42005804,T,A,0,20148.250000000,1,0,13635,152415,NQM5
2025-05-04T22:01:49.303043646Z,2025-05-04T22:01:49.302783381Z,0,1,42005804,T,A,0,20148.250000000,1,0,14228,152439,NQM5
2025-05-04T22:01:49.942840586Z,2025-05-04T22:01:49.942611225Z,0,1,42005804,T,A,0,20146.750000000,1,0,14089,152752,NQM5
2025-05-04T22:01:50.102246339Z,2025-05-04T22:01:50.101900205Z,0,1,42005804,T,B,0,20146.500000000,1,0,13996,153096,NQM5
2025-05-04T22:01:54.117494511Z,2025-05-04T22:01:54.117214891Z,0,1,42005804,T,A,0,20151.250000000,3,0,14180,160265,NQM5
2025-05-04T22:01:54.118324291Z,2025-05-04T22:01:54.117690703Z,0,1,42005804,T,B,0,20152.250000000,1,0,14125,160295,NQM5
2025-05-04T22:01:54.232452140Z,2025-05-04T22:01:54.232071995Z,0,1,42005804,T,B,0,20152.750000000,1,0,16050,160374,NQM5
2025-05-04T22:01:54.232452140Z,2025-05-04T22:01:54.232071995Z,0,1,42005804,T,B,0,20153.000000000,1,0,16050,160374,NQM5
2025-05-04T22:01:54.232452140Z,2025-05-04T22:01:54.232071995Z,0,1,42005804,T,B,0,20153.250000000,1,0,16050,160374,NQM5
2025-05-04T22:01:54.233540561Z,2025-05-04T22:01:54.232461561Z,0,1,42005804,T,B,0,20153.500000000,1,0,12639,160407,NQM5
2025-05-04T22:01:55.010034698Z,2025-05-04T22:01:55.009719625Z,0,1,42005804,T,B,0,20153.750000000,2,0,26862,160628,NQM5
2025-05-04T22:01:55.010821886Z,2025-05-04T22:01:55.010445191Z,0,1,42005804,T,B,0,20155.250000000,1,0,14527,160671,NQM5
2025-05-04T22:01:55.011279229Z,2025-05-04T22:01:55.010951615Z,0,1,42005804,T,B,0,20154.000000000,1,0,14132,160697,NQM5
2025-05-04T22:01:55.022288940Z,2025-05-04T22:01:55.022029877Z,0,1,42005804,T,B,0,20155.250000000,1,0,18955,160801,NQM5
2025-05-04T22:01:55.033135675Z,2025-05-04T22:01:55.032896873Z,0,1,42005804,T,B,0,20155.250000000,1,0,12764,160941,NQM5
2025-05-04T22:01:55.043557842Z,2025-05-04T22:01:55.043316739Z,0,1,42005804,T,B,0,20155.250000000,1,0,13316,161227,NQM5
2025-05-04T22:01:55.053972569Z,2025-05-04T22:01:55.053741523Z,0,1,42005804,T,B,0,20155.250000000,1,0,13198,161423,NQM5
2025-05-04T22:01:55.064354012Z,2025-05-04T22:01:55.064109973Z,0,1,42005804,T,B,0,20155.250000000,1,0,14261,161624,NQM5
2025-05-04T22:01:55.521561493Z,2025-05-04T22:01:55.521288509Z,0,1,42005804,T,A,0,20151.750000000,1,0,15848,161796,NQM5
2025-05-04T22:01:56.004340578Z,2025-05-04T22:01:56.004022733Z,0,1,42005804,T,B,0,20153.750000000,1,0,13838,161866,NQM5
2025-05-04T22:01:56.004684593Z,2025-05-04T22:01:56.004388077Z,0,1,42005804,T,B,0,20153.500000000,1,0,14023,161876,NQM5
2025-05-04T22:01:57.371752160Z,2025-05-04T22:01:57.371488149Z,0,1,42005804,T,A,0,20151.750000000,1,0,14792,162564,NQM5
2025-05-04T22:01:59.843448516Z,2025-05-04T22:01:59.842322285Z,0,1,42005804,T,A,0,20151.250000000,1,0,11120,163191,NQM5
2025-05-04T22:01:59.843848186Z,2025-05-04T22:01:59.842527113Z,0,1,42005804,T,A,0,20151.250000000,2,0,13416,163207,NQM5
2025-05-04T22:01:59.848711689Z,2025-05-04T22:01:59.848285739Z,0,1,42005804,T,B,0,20153.500000000,1,0,77706,163447,NQM5
2025-05-04T22:02:00.002965446Z,2025-05-04T22:02:00.002689597Z,0,1,42005804,T,B,0,20152.000000000,1,0,13984,164575,NQM5
2025-05-04T22:02:01.372735269Z,2025-05-04T22:02:01.372437997Z,0,1,42005804,T,B,0,20152.750000000,1,0,14148,166779,NQM5
2025-05-04T22:02:01.372735269Z,2025-05-04T22:02:01.372437997Z,0,1,42005804,T,B,0,20153.000000000,1,0,14148,166779,NQM5
2025-05-04T22:02:02.020576194Z,2025-05-04T22:02:02.020256731Z,0,1,42005804,T,B,0,20153.750000000,1,0,23334,166992,NQM5
2025-05-04T22:02:02.944338118Z,2025-05-04T22:02:02.944057731Z,0,1,42005804,T,A,0,20149.250000000,1,0,14234,168411,NQM5
2025-05-04T22:02:03.002613720Z,2025-05-04T22:02:03.002203275Z,0,1,42005804,T,B,0,20151.500000000,1,0,14333,168593,NQM5
2025-05-04T22:02:03.017636759Z,2025-05-04T22:02:03.017379209Z,0,1,42005804,T,B,0,20151.500000000,1,0,14222,168655,NQM5
2025-05-04T22:02:04.361830163Z,2025-05-04T22:02:04.361467057Z,0,1,42005804,T,B,0,20150.000000000,1,0,14843,170187,NQM5
2025-05-04T22:02:04.632489952Z,2025-05-04T22:02:04.631444801Z,0,1,42005804,T,A,0,20149.000000000,1,0,14308,170636,NQM5
2025-05-04T22:02:04.633982465Z,2025-05-04T22:02:04.633292869Z,0,1,42005804,T,A,0,20149.000000000,1,0,13789,170677,NQM5
2025-05-04T22:02:05.546037709Z,2025-05-04T22:02:05.545457301Z,0,1,42005804,T,A,0,20146.250000000,1,0,21148,172401,NQM5
2025-05-04T22:02:05.546037709Z,2025-05-04T22:02:05.545457301Z,0,1,42005804,T,A,0,20145.750000000,1,0,21148,172401,NQM5
2025-05-04T22:02:05.546037709Z,2025-05-04T22:02:05.545457301Z,0,1,42005804,T,A,0,20145.000000000,1,0,21148,172401,NQM5
2025-05-04T22:02:05.546037709Z,2025-05-04T22:02:05.545457301Z,0,1,42005804,T,A,0,20144.750000000,1,0,21148,172401,NQM5
2025-05-04T22:02:05.546037709Z,2025-05-04T22:02:05.545457301Z,0,1,42005804,T,A,0,20144.250000000,3,0,21148,172401,NQM5
2025-05-04T22:02:05.546037709Z,2025-05-04T22:02:05.545457301Z,0,1,42005804,T,A,0,20143.250000000,2,0,21148,172401,NQM5
2025-05-04T22:02:05.546037709Z,2025-05-04T22:02:05.545457301Z,0,1,42005804,T,A,0,20143.000000000,1,0,21148,172401,NQM5
2025-05-04T22:02:07.041187378Z,2025-05-04T22:02:07.040928257Z,0,1,42005804,T,B,0,20148.250000000,1,0,14992,174114,NQM5
2025-05-04T22:02:07.636133356Z,2025-05-04T22:02:07.634895063Z,0,1,42005804,T,A,0,20147.250000000,1,0,27955,174489,NQM5
2025-05-04T22:02:07.950101024Z,2025-05-04T22:02:07.949837075Z,0,1,42005804,T,B,0,20148.000000000,1,0,15162,174748,NQM5
2025-05-04T22:02:08.344773835Z,2025-05-04T22:02:08.343686149Z,0,1,42005804,T,A,0,20144.750000000,1,0,13964,174993,NQM5
2025-05-04T22:02:08.518906462Z,2025-05-04T22:02:08.518593579Z,0,1,42005804,T,B,0,20146.500000000,1,0,20154,175144,NQM5
2025-05-04T22:02:08.741126342Z,2025-05-04T22:02:08.740851693Z,0,1,42005804,T,A,0,20144.750000000,1,0,17283,175957,NQM5
2025-05-04T22:02:09.775801460Z,2025-05-04T22:02:09.775562593Z,0,1,42005804,T,B,0,20146.000000000,1,0,13494,176621,NQM5
2025-05-04T22:02:10.116925060Z,2025-05-04T22:02:10.116674033Z,0,1,42005804,T,A,0,20144.250000000,1,0,19194,176728,NQM5
2025-05-04T22:02:10.477446653Z,2025-05-04T22:02:10.477173789Z,0,1,42005804,T,B,0,20145.500000000,1,0,34532,176820,NQM5
2025-05-04T22:02:10.506556772Z,2025-05-04T22:02:10.506226567Z,0,1,42005804,T,B,0,20144.250000000,1,0,14018,177569,NQM5
2025-05-04T22:02:12.044161763Z,2025-05-04T22:02:12.043815687Z,0,1,42005804,T,B,0,20146.500000000,1,0,21758,178404,NQM5
2025-05-04T22:02:12.476774550Z,2025-05-04T22:02:12.476455925Z,0,1,42005804,T,A,0,20142.500000000,2,0,19614,179104,NQM5
2025-05-04T22:02:12.582216033Z,2025-05-04T22:02:12.581966837Z,0,1,42005804,T,B,0,20146.000000000,1,0,14844,179130,NQM5
2025-05-04T22:02:13.117020989Z,2025-05-04T22:02:13.116370603Z,0,1,42005804,T,A,0,20142.250000000,1,0,13011,179402,NQM5
2025-05-04T22:02:13.123781299Z,2025-05-04T22:02:13.123477045Z,0,1,42005804,T,B,0,20142.500000000,1,0,14513,179519,NQM5
2025-05-04T22:02:14.358841071Z,2025-05-04T22:02:14.358541837Z,0,1,42005804,T,B,0,20144.500000000,1,0,19186,179722,NQM5
2025-05-04T22:02:14.642427326Z,2025-05-04T22:02:14.642115059Z,0,1,42005804,T,B,0,20143.500000000,1,0,13724,179987,NQM5
2025-05-04T22:02:16.566070831Z,2025-05-04T22:02:16.565375831Z,0,1,42005804,T,B,0,20144.500000000,1,0,14189,180508,NQM5
2025-05-04T22:02:16.566996929Z,2025-05-04T22:02:16.566642727Z,0,1,42005804,T,B,0,20145.000000000,1,0,11721,180524,NQM5
2025-05-04T22:02:17.640234804Z,2025-05-04T22:02:17.639373897Z,0,1,42005804,T,B,0,20148.750000000,1,0,14327,181862,NQM5
2025-05-04T22:02:18.895009169Z,2025-05-04T22:02:18.894751119Z,0,1,42005804,T,B,0,20149.500000000,1,0,14182,182219,NQM5
2025-05-04T22:02:19.113966088Z,2025-05-04T22:02:19.113441247Z,0,1,42005804,T,B,0,20149.500000000,1,0,14332,182398,NQM5
2025-05-04T22:02:19.576702578Z,2025-05-04T22:02:19.576443455Z,0,1,42005804,T,A,0,20147.000000000,1,0,14073,182490,NQM5
2025-05-04T22:02:21.792802531Z,2025-05-04T22:02:21.792550637Z,0,1,42005804,T,A,0,20147.000000000,1,0,13886,183817,NQM5
2025-05-04T22:02:22.084333977Z,2025-05-04T22:02:22.084058885Z,0,1,42005804,T,B,0,20148.000000000,1,0,14248,184154,NQM5
2025-05-04T22:02:23.341196276Z,2025-05-04T22:02:23.340922143Z,0,1,42005804,T,B,0,20148.000000000,1,0,14318,184446,NQM5
2025-05-04T22:02:23.518888424Z,2025-05-04T22:02:23.518609861Z,0,1,42005804,T,B,0,20148.000000000,1,0,13849,184495,NQM5
2025-05-04T22:02:24.043223848Z,2025-05-04T22:02:24.042868317Z,0,1,42005804,T,B,0,20150.000000000,1,0,16572,184590,NQM5
2025-05-04T22:02:24.506183159Z,2025-05-04T22:02:24.505421025Z,0,1,42005804,T,B,0,20151.250000000,1,0,16214,184789,NQM5
2025-05-04T22:02:24.507828435Z,2025-05-04T22:02:24.506218185Z,0,1,42005804,T,B,0,20151.500000000,1,0,16238,184872,NQM5
2025-05-04T22:02:28.085532744Z,2025-05-04T22:02:28.085088681Z,0,1,42005804,T,A,0,20151.500000000,1,0,16693,185771,NQM5
2025-05-04T22:02:28.085532744Z,2025-05-04T22:02:28.085088681Z,0,1,42005804,T,A,0,20151.250000000,1,0,16693,185771,NQM5
2025-05-04T22:02:29.263824127Z,2025-05-04T22:02:29.263561935Z,0,1,42005804,T,B,0,20151.500000000,1,0,13669,186213,NQM5
2025-05-04T22:02:31.026372792Z,2025-05-04T22:02:31.025923953Z,0,1,42005804,T,A,0,20150.750000000,1,0,14507,187971,NQM5
2025-05-04T22:02:31.026372792Z,2025-05-04T22:02:31.025923953Z,0,1,42005804,T,A,0,20150.500000000,2,0,14507,187971,NQM5
2025-05-04T22:02:31.216680585Z,2025-05-04T22:02:31.216325583Z,0,1,42005804,T,A,0,20151.750000000,1,0,11692,188086,NQM5
2025-05-04T22:02:32.003833390Z,2025-05-04T22:02:32.003554243Z,0,1,42005804,T,A,0,20149.000000000,1,0,14155,188257,NQM5
2025-05-04T22:02:33.241569112Z,2025-05-04T22:02:33.241279407Z,0,1,42005804,T,A,0,20151.500000000,1,0,15697,188528,NQM5
2025-05-04T22:02:33.408745765Z,2025-05-04T22:02:33.408486893Z,0,1,42005804,T,A,0,20152.000000000,1,0,13975,188758,NQM5
2025-05-04T22:02:35.793535308Z,2025-05-04T22:02:35.793246489Z,0,1,42005804,T,B,0,20152.250000000,1,0,16411,189469,NQM5
2025-05-04T22:02:35.794449963Z,2025-05-04T22:02:35.794222573Z,0,1,42005804,T,A,0,20150.500000000,1,0,13967,189490,NQM5
2025-05-04T22:02:36.648029433Z,2025-05-04T22:02:36.647492861Z,0,1,42005804,T,B,0,20152.500000000,1,0,24608,189599,NQM5
2025-05-04T22:02:36.986010758Z,2025-05-04T22:02:36.985412369Z,0,1,42005804,T,B,0,20153.000000000,2,0,14522,189833,NQM5
2025-05-04T22:02:36.986010758Z,2025-05-04T22:02:36.985412369Z,0,1,42005804,T,B,0,20153.250000000,1,0,14522,189833,NQM5
2025-05-04T22:02:36.986394123Z,2025-05-04T22:02:36.985499225Z,0,1,42005804,T,B,0,20153.250000000,2,0,17559,189838,NQM5
2025-05-04T22:02:37.329653671Z,2025-05-04T22:02:37.329420861Z,0,1,42005804,T,B,0,20154.750000000,1,0,16458,190380,NQM5
2025-05-04T22:02:37.872194474Z,2025-05-04T22:02:37.871885171Z,0,1,42005804,T,A,0,20152.500000000,2,0,16533,190456,NQM5
2025-05-04T22:02:39.581782149Z,2025-05-04T22:02:39.581532739Z,0,1,42005804,T,A,0,20152.000000000,1,0,14172,190862,NQM5
2025-05-04T22:02:42.414321088Z,2025-05-04T22:02:42.414051949Z,0,1,42005804,T,B,0,20155.500000000,2,0,26509,191142,NQM5
2025-05-04T22:02:42.414950531Z,2025-05-04T22:02:42.414339473Z,0,1,42005804,T,B,0,20155.500000000,4,0,12291,191171,NQM5
2025-05-04T22:02:43.109286607Z,2025-05-04T22:02:43.108970419Z,0,1,42005804,T,B,0,20157.000000000,1,0,14703,191549,NQM5
2025-05-04T22:02:43.109299747Z,2025-05-04T22:02:43.108970419Z,0,1,42005804,T,B,0,20157.250000000,1,0,12061,191550,NQM5
2025-05-04T22:02:43.109299747Z,2025-05-04T22:02:43.108970419Z,0,1,42005804,T,B,0,20157.250000000,1,0,12061,191550,NQM5
2025-05-04T22:02:43.109736233Z,2025-05-04T22:02:43.109477507Z,0,1,42005804,T,B,0,20157.250000000,2,0,14149,191569,NQM5
2025-05-04T22:02:43.235849311Z,2025-05-04T22:02:43.235477055Z,0,1,42005804,T,B,0,20157.250000000,1,0,14895,191606,NQM5
2025-05-04T22:02:43.235849311Z,2025-05-04T22:02:43.235477055Z,0,1,42005804,T,B,0,20157.750000000,1,0,14895,191606,NQM5
2025-05-04T22:02:43.235849311Z,2025-05-04T22:02:43.235477055Z,0,1,42005804,T,B,0,20159.250000000,1,0,14895,191606,NQM5
2025-05-04T22:02:43.235849311Z,2025-05-04T22:02:43.235477055Z,0,1,42005804,T,B,0,20159.750000000,1,0,14895,191606,NQM5
2025-05-04T22:02:43.651946004Z,2025-05-04T22:02:43.651500617Z,0,1,42005804,T,A,0,20155.750000000,1,0,16066,191948,NQM5
2025-05-04T22:02:43.651946004Z,2025-05-04T22:02:43.651500617Z,0,1,42005804,T,A,0,20155.500000000,1,0,16066,191948,NQM5
2025-05-04T22:02:43.695998391Z,2025-05-04T22:02:43.695674299Z,0,1,42005804,T,A,0,20154.250000000,2,0,14411,192586,NQM5
2025-05-04T22:02:43.695998391Z,2025-05-04T22:02:43.695674299Z,0,1,42005804,T,A,0,20154.000000000,1,0,14411,192586,NQM5
2025-05-04T22:02:43.753475794Z,2025-05-04T22:02:43.753234903Z,0,1,42005804,T,B,0,20156.750000000,1,0,14315,192624,NQM5
2025-05-04T22:02:46.132079116Z,2025-05-04T22:02:46.131802309Z,0,1,42005804,T,A,0,20154.000000000,1,0,17430,194283,NQM5
2025-05-04T22:02:46.173384708Z,2025-05-04T22:02:46.173139899Z,0,1,42005804,T,B,0,20156.250000000,1,0,14844,194333,NQM5
2025-05-04T22:02:48.714366639Z,2025-05-04T22:02:48.714128675Z,0,1,42005804,T,B,0,20155.500000000,1,0,13757,195408,NQM5
2025-05-04T22:02:50.249624677Z,2025-05-04T22:02:50.249374825Z,0,1,42005804,T,B,0,20157.250000000,1,0,17634,195938,NQM5
2025-05-04T22:02:51.183241544Z,2025-05-04T22:02:51.182957015Z,0,1,42005804,T,B,0,20156.000000000,1,0,14896,197624,NQM5
2025-05-04T22:02:51.552576220Z,2025-05-04T22:02:51.552345779Z,0,1,42005804,T,A,0,20157.250000000,3,0,13610,197675,NQM5
2025-05-04T22:02:51.552750531Z,2025-05-04T22:02:51.552360907Z,0,1,42005804,T,B,0,20157.500000000,2,0,14213,197680,NQM5
2025-05-04T22:02:51.552810286Z,2025-05-04T22:02:51.552365841Z,0,1,42005804,T,A,0,20157.250000000,2,0,11866,197682,NQM5
2025-05-04T22:02:51.553256348Z,2025-05-04T22:02:51.552766911Z,0,1,42005804,T,B,0,20157.250000000,2,0,17102,197692,NQM5
2025-05-04T22:02:53.592001293Z,2025-05-04T22:02:53.591630411Z,0,1,42005804,T,B,0,20157.500000000,2,0,14904,199719,NQM5
2025-05-04T22:02:53.592001293Z,2025-05-04T22:02:53.591630411Z,0,1,42005804,T,B,0,20157.750000000,2,0,14904,199719,NQM5
2025-05-04T22:02:53.592001293Z,2025-05-04T22:02:53.591630411Z,0,1,42005804,T,B,0,20158.750000000,1,0,14904,199719,NQM5
2025-05-04T22:02:55.958594781Z,2025-05-04T22:02:55.958347563Z,0,1,42005804,T,A,0,20154.000000000,1,0,16028,201395,NQM5
2025-05-04T22:02:56.047483689Z,2025-05-04T22:02:56.047250725Z,0,1,42005804,T,A,0,20153.750000000,1,0,11511,201504,NQM5
2025-05-04T22:02:56.573290486Z,2025-05-04T22:02:56.573011833Z,0,1,42005804,T,A,0,20153.750000000,1,0,19841,201572,NQM5
2025-05-04T22:02:56.718469771Z,2025-05-04T22:02:56.718215679Z,0,1,42005804,T,B,0,20155.750000000,1,0,14252,201592,NQM5
2025-05-04T22:02:56.971686199Z,2025-05-04T22:02:56.971220597Z,0,1,42005804,T,B,0,20156.500000000,2,0,12345,201638,NQM5
2025-05-04T22:02:56.971686199Z,2025-05-04T22:02:56.971220597Z,0,1,42005804,T,B,0,20156.750000000,1,0,12345,201638,NQM5
2025-05-04T22:03:00.680832921Z,2025-05-04T22:03:00.680558775Z,0,1,42005804,T,A,0,20153.750000000,2,0,14327,202297,NQM5
2025-05-04T22:03:01.417634996Z,2025-05-04T22:03:01.417223197Z,0,1,42005804,T,A,0,20153.750000000,1,0,13705,202510,NQM5
2025-05-04T22:03:01.417738340Z,2025-05-04T22:03:01.417282417Z,0,1,42005804,T,A,0,20153.250000000,1,0,12999,202512,NQM5
2025-05-04T22:03:01.418964196Z,2025-05-04T22:03:01.418145629Z,0,1,42005804,T,A,0,20153.750000000,1,0,14334,202567,NQM5
2025-05-04T22:03:01.421403212Z,2025-05-04T22:03:01.420952293Z,0,1,42005804,T,A,0,20152.000000000,1,0,12373,202657,NQM5
2025-05-04T22:03:01.428995819Z,2025-05-04T22:03:01.428723523Z,0,1,42005804,T,B,0,20151.750000000,1,0,13941,202795,NQM5
2025-05-04T22:03:01.832949376Z,2025-05-04T22:03:01.832653939Z,0,1,42005804,T,A,0,20149.000000000,1,0,13300,204035,NQM5
2025-05-04T22:03:01.833222124Z,2025-05-04T22:03:01.832965677Z,0,1,42005804,T,A,0,20148.750000000,2,0,14083,204043,NQM5
2025-05-04T22:03:02.003484982Z,2025-05-04T22:03:02.003177123Z,0,1,42005804,T,B,0,20149.500000000,1,0,12585,204292,NQM5
2025-05-04T22:03:04.091480795Z,2025-05-04T22:03:04.091060513Z,0,1,42005804,T,A,0,20146.750000000,1,0,14070,205405,NQM5
2025-05-04T22:03:04.203775022Z,2025-05-04T22:03:04.203528727Z,0,1,42005804,T,A,0,20145.500000000,1,0,14650,205736,NQM5
2025-05-04T22:03:04.616728436Z,2025-05-04T22:03:04.616467745Z,0,1,42005804,T,B,0,20148.500000000,1,0,14121,205862,NQM5
2025-05-04T22:03:05.051268551Z,2025-05-04T22:03:05.051005647Z,0,1,42005804,T,A,0,20147.000000000,1,0,16938,206246,NQM5
2025-05-04T22:03:05.711600555Z,2025-05-04T22:03:05.711353135Z,0,1,42005804,T,A,0,20147.000000000,1,0,14335,206484,NQM5
2025-05-04T22:03:05.731373131Z,2025-05-04T22:03:05.730579279Z,0,1,42005804,T,B,0,20150.000000000,1,0,14415,206520,NQM5
2025-05-04T22:03:05.731373131Z,2025-05-04T22:03:05.730579279Z,0,1,42005804,T,B,0,20150.250000000,1,0,14415,206520,NQM5
2025-05-04T22:03:05.902501636Z,2025-05-04T22:03:05.902265635Z,0,1,42005804,T,A,0,20150.000000000,1,0,14038,206944,NQM5
2025-05-04T22:03:07.253037677Z,2025-05-04T22:03:07.252666067Z,0,1,42005804,T,B,0,20150.250000000,2,0,17667,207180,NQM5
2025-05-04T22:03:07.253037677Z,2025-05-04T22:03:07.252666067Z,0,1,42005804,T,B,0,20150.500000000,2,0,17667,207180,NQM5
2025-05-04T22:03:08.913060136Z,2025-05-04T22:03:08.912835881Z,0,1,42005804,T,B,0,20151.000000000,1,0,14912,209228,NQM5
2025-05-04T22:03:08.914077806Z,2025-05-04T22:03:08.913857219Z,0,1,42005804,T,A,0,20147.000000000,1,0,13739,209244,NQM5
2025-05-04T22:03:10.029792997Z,2025-05-04T22:03:10.029531697Z,0,1,42005804,T,A,0,20146.750000000,1,0,13907,209516,NQM5
2025-05-04T22:03:10.030787873Z,2025-05-04T22:03:10.030451395Z,0,1,42005804,T,A,0,20146.750000000,1,0,14494,209564,NQM5
2025-05-04T22:03:10.038322792Z,2025-05-04T22:03:10.038070223Z,0,1,42005804,T,A,0,20146.750000000,1,0,17222,209637,NQM5
2025-05-04T22:03:10.308540289Z,2025-05-04T22:03:10.308278433Z,0,1,42005804,T,B,0,20147.750000000,1,0,14372,209785,NQM5
2025-05-04T22:03:11.630352520Z,2025-05-04T22:03:11.630086161Z,0,1,42005804,T,A,0,20146.000000000,1,0,13172,210049,NQM5
2025-05-04T22:03:13.557533332Z,2025-05-04T22:03:13.557253109Z,0,1,42005804,T,A,0,20146.000000000,1,0,14790,210339,NQM5
2025-05-04T22:03:13.557533332Z,2025-05-04T22:03:13.557253109Z,0,1,42005804,T,A,0,20145.750000000,1,0,14790,210339,NQM5
2025-05-04T22:03:14.519134634Z,2025-05-04T22:03:14.518903097Z,0,1,42005804,T,A,0,20145.500000000,1,0,13818,210471,NQM5
2025-05-04T22:03:14.519548617Z,2025-05-04T22:03:14.519168679Z,0,1,42005804,T,A,0,20145.500000000,1,0,11918,210483,NQM5
2025-05-04T22:03:14.581447921Z,2025-05-04T22:03:14.581192101Z,0,1,42005804,T,A,0,20145.000000000,2,0,14166,210569,NQM5
2025-05-04T22:03:14.582088307Z,2025-05-04T22:03:14.581565813Z,0,1,42005804,T,A,0,20144.250000000,2,0,14602,210594,NQM5
2025-05-04T22:03:14.582770808Z,2025-05-04T22:03:14.582151195Z,0,1,42005804,T,A,0,20144.250000000,3,0,14206,210613,NQM5
2025-05-04T22:03:14.583627732Z,2025-05-04T22:03:14.583343037Z,0,1,42005804,T,A,0,20144.000000000,1,0,14432,210637,NQM5
2025-05-04T22:03:14.584064006Z,2025-05-04T22:03:14.583817467Z,0,1,42005804,T,A,0,20143.750000000,1,0,13931,210662,NQM5
2025-05-04T22:03:14.584769322Z,2025-05-04T22:03:14.584310635Z,0,1,42005804,T,B,0,20143.750000000,1,0,13658,210693,NQM5
2025-05-04T22:03:15.844215499Z,2025-05-04T22:03:15.843982777Z,0,1,42005804,T,B,0,20144.500000000,1,0,15589,210990,NQM5
2025-05-04T22:03:16.329380195Z,2025-05-04T22:03:16.329137721Z,0,1,42005804,T,A,0,20143.500000000,1,0,17009,211221,NQM5
2025-05-04T22:03:17.423486281Z,2025-05-04T22:03:17.423116215Z,0,1,42005804,T,A,0,20142.500000000,1,0,17837,211345,NQM5
2025-05-04T22:03:17.423500343Z,2025-05-04T22:03:17.423116215Z,0,1,42005804,T,A,0,20142.000000000,1,0,14168,211346,NQM5
2025-05-04T22:03:17.423500343Z,2025-05-04T22:03:17.423116215Z,0,1,42005804,T,A,0,20141.500000000,1,0,14168,211346,NQM5
2025-05-04T22:03:17.750570881Z,2025-05-04T22:03:17.750310647Z,0,1,42005804,T,B,0,20143.500000000,1,0,16503,211468,NQM5
2025-05-04T22:03:19.803844609Z,2025-05-04T22:03:19.803584613Z,0,1,42005804,T,B,0,20142.250000000,1,0,17490,211902,NQM5
2025-05-04T22:03:20.002960734Z,2025-05-04T22:03:20.002614757Z,0,1,42005804,T,A,0,20141.500000000,1,0,13624,211956,NQM5
2025-05-04T22:03:20.003179664Z,2025-05-04T22:03:20.002650491Z,0,1,42005804,T,B,0,20141.750000000,1,0,15785,211959,NQM5
2025-05-04T22:03:20.003414053Z,2025-05-04T22:03:20.003038885Z,0,1,42005804,T,A,0,20141.500000000,2,0,14113,211961,NQM5
2025-05-04T22:03:20.009839048Z,2025-05-04T22:03:20.009492843Z,0,1,42005804,T,A,0,20140.500000000,1,0,14190,212031,NQM5
2025-05-04T22:03:20.105805409Z,2025-05-04T22:03:20.105574793Z,0,1,42005804,T,B,0,20142.250000000,1,0,14145,212317,NQM5
2025-05-04T22:03:21.046411981Z,2025-05-04T22:03:21.046203715Z,0,1,42005804,T,A,0,20142.000000000,1,0,16157,212518,NQM5
2025-05-04T22:03:21.046939147Z,2025-05-04T22:03:21.046723321Z,0,1,42005804,T,B,0,20141.250000000,1,0,13600,212546,NQM5
2025-05-04T22:03:21.401323245Z,2025-05-04T22:03:21.401124133Z,0,1,42005804,T,A,0,20142.000000000,1,0,17360,212729,NQM5
2025-05-04T22:03:22.384710521Z,2025-05-04T22:03:22.384475265Z,0,1,42005804,T,B,0,20143.500000000,1,0,16214,212878,NQM5
2025-05-04T22:03:22.971487756Z,2025-05-04T22:03:22.971265915Z,0,1,42005804,T,A,0,20140.750000000,1,0,14280,212937,NQM5
2025-05-04T22:03:23.204798314Z,2025-05-04T22:03:23.204561571Z,0,1,42005804,T,B,0,20143.500000000,1,0,14411,212989,NQM5
2025-05-04T22:03:23.688642560Z,2025-05-04T22:03:23.688424921Z,0,1,42005804,T,A,0,20143.000000000,1,0,14263,213067,NQM5
2025-05-04T22:03:23.988204357Z,2025-05-04T22:03:23.987825887Z,0,1,42005804,T,B,0,20143.000000000,1,0,14113,213257,NQM5
2025-05-04T22:03:24.019028369Z,2025-05-04T22:03:24.018777631Z,0,1,42005804,T,B,0,20143.500000000,1,0,16902,213314,NQM5
2025-05-04T22:03:24.528689423Z,2025-05-04T22:03:24.528482625Z,0,1,42005804,T,B,0,20143.750000000,5,0,14080,213393,NQM5
2025-05-04T22:03:24.831730947Z,2025-05-04T22:03:24.831507007Z,0,1,42005804,T,B,0,20145.000000000,1,0,14348,213642,NQM5
2025-05-04T22:03:25.190706385Z,2025-05-04T22:03:25.190343451Z,0,1,42005804,T,A,0,20142.750000000,1,0,18488,214172,NQM5
2025-05-04T22:03:25.190706385Z,2025-05-04T22:03:25.190343451Z,0,1,42005804,T,A,0,20142.500000000,2,0,18488,214172,NQM5
2025-05-04T22:03:25.190706385Z,2025-05-04T22:03:25.190343451Z,0,1,42005804,T,A,0,20142.250000000,1,0,18488,214172,NQM5
2025-05-04T22:03:26.250663258Z,2025-05-04T22:03:26.250397785Z,0,1,42005804,T,B,0,20145.000000000,1,0,16740,214341,NQM5
2025-05-04T22:03:28.203324122Z,2025-05-04T22:03:28.203063613Z,0,1,42005804,T,B,0,20143.750000000,1,0,20550,214580,NQM5
2025-05-04T22:03:28.255768675Z,2025-05-04T22:03:28.255540329Z,0,1,42005804,T,B,0,20144.250000000,1,0,14434,214625,NQM5
2025-05-04T22:03:30.208505868Z,2025-05-04T22:03:30.208205979Z,0,1,42005804,T,A,0,20141.750000000,1,0,12521,215000,NQM5
2025-05-04T22:03:30.950922473Z,2025-05-04T22:03:30.950690149Z,0,1,42005804,T,B,0,20143.000000000,1,0,14436,215105,NQM5
2025-05-04T22:03:31.003324981Z,2025-05-04T22:03:31.003056849Z,0,1,42005804,T,A,0,20141.750000000,1,0,14262,215140,NQM5
2025-05-04T22:03:33.590005585Z,2025-05-04T22:03:33.589650487Z,0,1,42005804,T,A,0,20141.750000000,1,0,14608,215616,NQM5
2025-05-04T22:03:33.640851724Z,2025-05-04T22:03:33.640628745Z,0,1,42005804,T,B,0,20142.000000000,1,0,13864,215666,NQM5
2025-05-04T22:03:35.328717834Z,2025-05-04T22:03:35.328488889Z,0,1,42005804,T,B,0,20141.750000000,1,0,13999,215938,NQM5
2025-05-04T22:03:35.486311258Z,2025-05-04T22:03:35.485684933Z,0,1,42005804,T,B,0,20142.250000000,1,0,13032,215976,NQM5
2025-05-04T22:03:36.365176516Z,2025-05-04T22:03:36.364888819Z,0,1,42005804,T,A,0,20141.000000000,1,0,13737,216317,NQM5
2025-05-04T22:03:38.481276521Z,2025-05-04T22:03:38.481072257Z,0,1,42005804,T,B,0,20141.250000000,2,0,13653,216638,NQM5
2025-05-04T22:03:38.481329686Z,2025-05-04T22:03:38.481076597Z,0,1,42005804,T,B,0,20141.250000000,3,0,13280,216639,NQM5
2025-05-04T22:03:38.481404816Z,2025-05-04T22:03:38.481128839Z,0,1,42005804,T,A,0,20141.000000000,1,0,12550,216642,NQM5
2025-05-04T22:03:38.495980728Z,2025-05-04T22:03:38.495696427Z,0,1,42005804,T,A,0,20140.750000000,1,0,15771,216672,NQM5
2025-05-04T22:03:38.495980728Z,2025-05-04T22:03:38.495696427Z,0,1,42005804,T,A,0,20140.500000000,1,0,15771,216672,NQM5
2025-05-04T22:03:40.562576806Z,2025-05-04T22:03:40.562316593Z,0,1,42005804,T,B,0,20142.750000000,1,0,18105,216841,NQM5
2025-05-04T22:03:41.288285627Z,2025-05-04T22:03:41.287963291Z,0,1,42005804,T,A,0,20141.750000000,1,0,19363,216901,NQM5
2025-05-04T22:03:41.402431978Z,2025-05-04T22:03:41.402207613Z,0,1,42005804,T,A,0,20141.500000000,1,0,18155,216926,NQM5
2025-05-04T22:03:41.702122924Z,2025-05-04T22:03:41.701845647Z,0,1,42005804,T,A,0,20141.000000000,1,0,18932,216963,NQM5
2025-05-04T22:03:41.702122924Z,2025-05-04T22:03:41.701845647Z,0,1,42005804,T,A,0,20140.500000000,4,0,18932,216963,NQM5
2025-05-04T22:03:44.675231750Z,2025-05-04T22:03:44.674996551Z,0,1,42005804,T,A,0,20141.250000000,1,0,14458,217503,NQM5
2025-05-04T22:03:45.147857986Z,2025-05-04T22:03:45.147398137Z,0,1,42005804,T,B,0,20143.000000000,1,0,15806,217569,NQM5
2025-05-04T22:03:45.325471948Z,2025-05-04T22:03:45.325245173Z,0,1,42005804,T,A,0,20142.500000000,1,0,13983,217753,NQM5
2025-05-04T22:03:45.813942736Z,2025-05-04T22:03:45.813609021Z,0,1,42005804,T,B,0,20143.750000000,2,0,16205,217803,NQM5
2025-05-04T22:03:45.813942736Z,2025-05-04T22:03:45.813609021Z,0,1,42005804,T,B,0,20144.750000000,1,0,16205,217803,NQM5
2025-05-04T22:03:45.813942736Z,2025-05-04T22:03:45.813609021Z,0,1,42005804,T,B,0,20145.000000000,1,0,16205,217803,NQM5
2025-05-04T22:03:48.525663259Z,2025-05-04T22:03:48.525402957Z,0,1,42005804,T,A,0,20144.250000000,1,0,14018,218076,NQM5
2025-05-04T22:03:49.364434768Z,2025-05-04T22:03:49.364205751Z,0,1,42005804,T,A,0,20144.250000000,1,0,15851,218140,NQM5
2025-05-04T22:03:49.630207313Z,2025-05-04T22:03:49.629440623Z,0,1,42005804,T,B,0,20145.000000000,1,0,15877,218205,NQM5
2025-05-04T22:03:49.630307808Z,2025-05-04T22:03:49.629442937Z,0,1,42005804,T,B,0,20145.000000000,2,0,16715,218209,NQM5
2025-05-04T22:03:49.632856244Z,2025-05-04T22:03:49.630898577Z,0,1,42005804,T,B,0,20146.000000000,1,0,15080,218306,NQM5
2025-05-04T22:03:49.633509355Z,2025-05-04T22:03:49.631401767Z,0,1,42005804,T,B,0,20146.000000000,1,0,18439,218310,NQM5
2025-05-04T22:03:55.051028425Z,2025-05-04T22:03:55.049745121Z,0,1,42005804,T,A,0,20147.500000000,1,0,14034,219875,NQM5
2025-05-04T22:03:55.051028425Z,2025-05-04T22:03:55.049745121Z,0,1,42005804,T,A,0,20147.250000000,1,0,14034,219875,NQM5
2025-05-04T22:03:55.051533527Z,2025-05-04T22:03:55.049968265Z,0,1,42005804,T,A,0,20147.250000000,1,0,13881,219894,NQM5
2025-05-04T22:03:55.329403895Z,2025-05-04T22:03:55.329177665Z,0,1,42005804,T,B,0,20146.000000000,1,0,14087,220301,NQM5
2025-05-04T22:03:55.465481088Z,2025-05-04T22:03:55.465256339Z,0,1,42005804,T,B,0,20144.500000000,1,0,13839,220336,NQM5
2025-05-04T22:03:56.148393698Z,2025-05-04T22:03:56.148019511Z,0,1,42005804,T,A,0,20144.000000000,1,0,14240,220485,NQM5
2025-05-04T22:03:56.148623172Z,2025-05-04T22:03:56.148133517Z,0,1,42005804,T,A,0,20144.000000000,2,0,16125,220489,NQM5
2025-05-04T22:03:56.382804272Z,2025-05-04T22:03:56.382569795Z,0,1,42005804,T,A,0,20142.250000000,1,0,14335,220631,NQM5
2025-05-04T22:04:00.709537806Z,2025-05-04T22:04:00.709188829Z,0,1,42005804,T,B,0,20144.500000000,1,0,14150,221295,NQM5
2025-05-04T22:04:00.709537806Z,2025-05-04T22:04:00.709188829Z,0,1,42005804,T,B,0,20144.750000000,1,0,14150,221295,NQM5
2025-05-04T22:04:00.709537806Z,2025-05-04T22:04:00.709188829Z,0,1,42005804,T,B,0,20145.250000000,2,0,14150,221295,NQM5
2025-05-04T22:04:01.004450103Z,2025-05-04T22:04:01.004225387Z,0,1,42005804,T,A,0,20142.250000000,1,0,13735,221728,NQM5
2025-05-04T22:04:01.238876783Z,2025-05-04T22:04:01.238604793Z,0,1,42005804,T,A,0,20142.000000000,1,0,17326,221762,NQM5
2025-05-04T22:04:02.122736877Z,2025-05-04T22:04:02.122495441Z,0,1,42005804,T,B,0,20144.250000000,1,0,16561,221873,NQM5
